<?xml version="1.0" encoding="UTF-8"?>
<!DOCTYPE html PUBLIC "-//W3C//DTD XHTML 1.0 Transitional//EN"
    "http://www.w3.org/TR/xhtml1/DTD/xhtml1-transitional.dtd">
<html xmlns="http://www.w3.org/1999/xhtml" xml:lang="en" lang="en">
 <head>
  <title>
</title>
<meta http-equiv="Content-Type" content="text/html;charset=utf-8" />
  <meta name='ocr-system' content='tesseract 3.04.00' />
  <meta name='ocr-capabilities' content='ocr_page ocr_carea ocr_par ocr_line ocrx_word'/>
</head>
<body>
  <div class='ocr_page' id='page_1' title='image "./fragmentaphiloso03mulluoft/fragmentaphiloso03mulluoft_0102.png"; bbox 0 0 2528 3788; ppageno 0'>
   <div class='ocr_carea' id='block_1_1' title="bbox 266 239 1457 306">
    <p class='ocr_par' dir='ltr' id='par_1_1' title="bbox 266 239 1457 306">
     <span class='ocr_line' id='line_1_1' title="bbox 266 239 1457 306; baseline 0.003 -5"><span class='ocrx_word' id='word_1_1' title='bbox 266 262 318 302; x_wconf 80' lang='lat'><strong>86</strong></span> <span class='ocrx_word' id='word_1_2' title='bbox 693 239 696 243; x_wconf 74' lang='grc'><strong>’</strong></span> <span class='ocrx_word' id='word_1_3' title='bbox 743 254 756 268; x_wconf 86' lang='grc'><em>·</em></span> <span class='ocrx_word' id='word_1_4' title='bbox 1206 264 1457 306; x_wconf 72' lang='grc' dir='ltr'>εΡΕυειΡΡ]</span> 
     </span>
    </p>
   </div>
   <div class='ocr_carea' id='block_1_2' title="bbox 267 349 1304 518">
    <p class='ocr_par' dir='ltr' id='par_1_2' title="bbox 267 349 1304 518">
     <span class='ocr_line' id='line_1_2' title="bbox 268 349 1302 405; baseline 0.001 -14"><span class='ocrx_word' id='word_1_5' title='bbox 268 364 402 391; x_wconf 89' lang='lat' dir='ltr'><strong>menus</strong></span> <span class='ocrx_word' id='word_1_6' title='bbox 435 351 473 388; x_wconf 87' lang='lat' dir='ltr'><strong>in</strong></span> <span class='ocrx_word' id='word_1_7' title='bbox 505 349 801 388; x_wconf 80' lang='lat' dir='ltr'>commentarios</span> <span class='ocrx_word' id='word_1_8' title='bbox 834 350 983 390; x_wconf 89' lang='lat' dir='ltr'><strong>rettulit</strong></span> <span class='ocrx_word' id='word_1_9' title='bbox 1016 353 1302 405; x_wconf 83' lang='lat' dir='ltr'><strong>exscripsitque</strong></span> 
     </span>
     <span class='ocr_line' id='line_1_3' title="bbox 267 408 1303 464; baseline 0 -14"><span class='ocrx_word' id='word_1_10' title='bbox 267 412 471 450; x_wconf 79' lang='lat' dir='ltr'><strong>Athenaeus</strong></span> <span class='ocrx_word' id='word_1_11' title='bbox 487 408 556 458; x_wconf 90' lang='lat' dir='ltr'><strong>XI,</strong></span> <span class='ocrx_word' id='word_1_12' title='bbox 577 423 615 460; x_wconf 90' lang='lat' dir='ltr'><strong>p.</strong></span> <span class='ocrx_word' id='word_1_13' title='bbox 640 408 728 449; x_wconf 81' lang='lat'><strong>506.</strong></span> <span class='ocrx_word' id='word_1_14' title='bbox 751 421 786 448; x_wconf 89' lang='lat' dir='ltr'><strong>e.</strong></span> <span class='ocrx_word' id='word_1_15' title='bbox 802 412 861 448; x_wconf 91' lang='lat' dir='ltr'><strong>De</strong></span> <span class='ocrx_word' id='word_1_16' title='bbox 879 410 1044 461; x_wconf 84' lang='lat' dir='ltr'><strong>singulis</strong></span> <span class='ocrx_word' id='word_1_17' title='bbox 1066 412 1162 451; x_wconf 89' lang='lat' dir='ltr'><strong>locis</strong></span> <span class='ocrx_word' id='word_1_18' title='bbox 1181 425 1303 464; x_wconf 88' lang='lat' dir='ltr'><strong>pauca</strong></span> 
     </span>
     <span class='ocr_line' id='line_1_4' title="bbox 268 466 1304 518; baseline 0 -10"><span class='ocrx_word' id='word_1_19' title='bbox 268 469 444 508; x_wconf 88' lang='lat' dir='ltr'><strong>dicenda.</strong></span> <span class='ocrx_word' id='word_1_20' title='bbox 492 482 507 506; x_wconf 86' lang='lat'>1</span> <span class='ocrx_word' id='word_1_21' title='bbox 533 466 756 518; x_wconf 86' lang='grc' dir='ltr'>Ἀντίπατρος</span> <span class='ocrx_word' id='word_1_22' title='bbox 790 467 947 508; x_wconf 90' lang='lat' dir='ltr'><strong>videtur</strong></span> <span class='ocrx_word' id='word_1_23' title='bbox 979 483 1061 509; x_wconf 88' lang='lat' dir='ltr'><strong>esse</strong></span> <span class='ocrx_word' id='word_1_24' title='bbox 1096 471 1304 510; x_wconf 85' lang='lat' dir='ltr'><strong>Alexandri</strong></span> 
     </span>
    </p>
   </div>
   <div class='ocr_carea' id='block_1_3' title="bbox 266 526 1328 582">
    <p class='ocr_par' dir='ltr' id='par_1_3' title="bbox 266 526 1328 582">
     <span class='ocr_line' id='line_1_5' title="bbox 266 526 1328 582; baseline -0.001 -14"><span class='ocrx_word' id='word_1_25' title='bbox 266 541 464 568; x_wconf 85' lang='lat' dir='ltr'><strong>successor</strong></span> <span class='ocrx_word' id='word_1_26' title='bbox 479 556 490 577; x_wconf 86' lang='lat'>‚</span> <span class='ocrx_word' id='word_1_27' title='bbox 523 526 570 564; x_wconf 90' lang='lat' dir='ltr'><strong>de</strong></span> <span class='ocrx_word' id='word_1_28' title='bbox 598 540 675 578; x_wconf 88' lang='lat' dir='ltr'><strong>quo</strong></span> <span class='ocrx_word' id='word_1_29' title='bbox 706 526 846 566; x_wconf 85' lang='lat' dir='ltr'><strong>Suidas</strong></span> <span class='ocrx_word' id='word_1_30' title='bbox 867 539 876 566; x_wconf 92' lang='lat'><strong>:</strong></span> <span class='ocrx_word' id='word_1_31' title='bbox 904 527 1127 582; x_wconf 84' lang='grc' dir='ltr'>Ἀντίπατρος</span> <span class='ocrx_word' id='word_1_32' title='bbox 1146 528 1303 578; x_wconf 80' lang='grc' dir='ltr'>Ἰολάου,</span> <span class='ocrx_word' id='word_1_33' title='bbox 1326 546 1328 548; x_wconf 95' lang='grc'><strong><em>·</em></strong></span> 
     </span>
    </p>
   </div>
   <div class='ocr_carea' id='block_1_4' title="bbox 259 585 1306 3514">
    <p class='ocr_par' dir='ltr' id='par_1_4' title="bbox 259 585 1306 3514">
     <span class='ocr_line' id='line_1_6' title="bbox 265 585 1304 641; baseline 0 -14"><span class='ocrx_word' id='word_1_34' title='bbox 265 587 396 631; x_wconf 89' lang='grc' dir='ltr'>πόλεως</span> <span class='ocrx_word' id='word_1_35' title='bbox 416 586 449 624; x_wconf 82' lang='grc' dir='ltr'><strong>δὲ</strong></span> <span class='ocrx_word' id='word_1_36' title='bbox 471 585 671 637; x_wconf 83' lang='grc' dir='ltr'>Παλιούρας</span> <span class='ocrx_word' id='word_1_37' title='bbox 687 588 748 633; x_wconf 76' lang='grc' dir='ltr'><strong>τῆς</strong></span> <span class='ocrx_word' id='word_1_38' title='bbox 769 586 1003 636; x_wconf 84' lang='grc' dir='ltr'>Μακεδονίας,</span> <span class='ocrx_word' id='word_1_39' title='bbox 1019 586 1210 641; x_wconf 81' lang='grc' dir='ltr'>στρατηγὸς</span> <span class='ocrx_word' id='word_1_40' title='bbox 1231 590 1304 627; x_wconf 91' lang='grc' dir='ltr'><strong>Φι-</strong></span> 
     </span>
     <span class='ocr_line' id='line_1_7' title="bbox 266 639 1303 699; baseline -0.001 -13"><span class='ocrx_word' id='word_1_41' title='bbox 266 647 414 696; x_wconf 86' lang='grc' dir='ltr'>λίππου,</span> <span class='ocrx_word' id='word_1_42' title='bbox 443 639 517 684; x_wconf 68' lang='grc' dir='ltr'>εἶτα</span> <span class='ocrx_word' id='word_1_43' title='bbox 546 643 796 697; x_wconf 82' lang='grc' dir='ltr'>Ἀλεξάνδρου,</span> <span class='ocrx_word' id='word_1_44' title='bbox 827 645 885 684; x_wconf 76' lang='grc' dir='ltr'><strong>καὶ</strong></span> <span class='ocrx_word' id='word_1_45' title='bbox 914 646 1074 699; x_wconf 87' lang='grc' dir='ltr'>διάδοχος</span> <span class='ocrx_word' id='word_1_46' title='bbox 1107 646 1303 699; x_wconf 87' lang='grc' dir='ltr'>βασιλείας,</span> 
     </span>
     <span class='ocr_line' id='line_1_8' title="bbox 267 702 1305 757; baseline 0 -13"><span class='ocrx_word' id='word_1_47' title='bbox 267 704 424 757; x_wconf 80' lang='grc' dir='ltr'>μαθητὴς</span> <span class='ocrx_word' id='word_1_48' title='bbox 449 702 721 757; x_wconf 87' lang='grc' dir='ltr'>Ἀριστοτέλους,</span> <span class='ocrx_word' id='word_1_49' title='bbox 757 703 943 742; x_wconf 85' lang='grc' dir='ltr'>κατέλιπεν</span> <span class='ocrx_word' id='word_1_50' title='bbox 985 705 1175 743; x_wconf 78' lang='grc' dir='ltr'>ἐπιστολῶν</span> <span class='ocrx_word' id='word_1_51' title='bbox 1217 706 1305 756; x_wconf 81' lang='grc' dir='ltr'>σύγ-</span> 
     </span>
     <span class='ocr_line' id='line_1_9' title="bbox 266 762 1304 817; baseline 0.001 -15"><span class='ocrx_word' id='word_1_52' title='bbox 266 780 416 817; x_wconf 90' lang='grc' dir='ltr'>γραμμα</span> <span class='ocrx_word' id='word_1_53' title='bbox 437 765 471 801; x_wconf 82' lang='grc' dir='ltr'><strong>ἐν</strong></span> <span class='ocrx_word' id='word_1_54' title='bbox 491 762 634 815; x_wconf 77' lang='grc' dir='ltr'>βιὸλίοις</span> <span class='ocrx_word' id='word_1_55' title='bbox 655 762 746 810; x_wconf 84' lang='grc' dir='ltr'>δυσί,</span> <span class='ocrx_word' id='word_1_56' title='bbox 763 762 821 800; x_wconf 74' lang='grc' dir='ltr'><strong>καὶ</strong></span> <span class='ocrx_word' id='word_1_57' title='bbox 837 762 1010 816; x_wconf 72' lang='grc' dir='ltr'>ἱστορίαν,</span> <span class='ocrx_word' id='word_1_58' title='bbox 1031 763 1092 808; x_wconf 79' lang='grc' dir='ltr'><strong>τὰς</strong></span> <span class='ocrx_word' id='word_1_59' title='bbox 1110 763 1304 817; x_wconf 77' lang='grc' dir='ltr'>Περδίκκου</span> 
     </span>
     <span class='ocr_line' id='line_1_10' title="bbox 265 821 1301 876; baseline 0.001 -14"><span class='ocrx_word' id='word_1_60' title='bbox 265 823 404 876; x_wconf 83' lang='grc' dir='ltr'>πράξεις</span> <span class='ocrx_word' id='word_1_61' title='bbox 434 822 628 875; x_wconf 84' lang='grc' dir='ltr'>Ἰλλυρικὰς</span> <span class='ocrx_word' id='word_1_62' title='bbox 660 823 737 862; x_wconf 90' lang='grc' dir='ltr'>κτλ.</span> <span class='ocrx_word' id='word_1_63' title='bbox 771 821 828 861; x_wconf 87' lang='lat' dir='ltr'><strong>Cf.</strong></span> <span class='ocrx_word' id='word_1_64' title='bbox 858 822 1009 862; x_wconf 86' lang='lat' dir='ltr'><strong>Fabric.</strong></span> <span class='ocrx_word' id='word_1_65' title='bbox 1045 823 1145 861; x_wconf 87' lang='lat' dir='ltr'><strong>Bibl.</strong></span> <span class='ocrx_word' id='word_1_66' title='bbox 1175 823 1301 864; x_wconf 77' lang='lat' dir='ltr'><strong>Graec,</strong></span> 
     </span>
     <span class='ocr_line' id='line_1_11' title="bbox 264 881 1305 934; baseline 0 -14"><span class='ocrx_word' id='word_1_67' title='bbox 264 884 348 923; x_wconf 93' lang='lat' dir='ltr'><strong>Vol.</strong></span> <span class='ocrx_word' id='word_1_68' title='bbox 375 881 431 920; x_wconf 91' lang='grc' dir='ltr'><strong>ΙΙΙ</strong></span> <span class='ocrx_word' id='word_1_69' title='bbox 450 895 537 934; x_wconf 85' lang='lat' dir='ltr'><strong>pag.</strong></span> <span class='ocrx_word' id='word_1_70' title='bbox 562 881 636 926; x_wconf 79' lang='lat'><strong>465</strong></span> <span class='ocrx_word' id='word_1_71' title='bbox 654 881 712 922; x_wconf 88' lang='lat' dir='ltr'><strong>ed.</strong></span> <span class='ocrx_word' id='word_1_72' title='bbox 736 881 842 919; x_wconf 83' lang='lat' dir='ltr'>Harl.</span> <span class='ocrx_word' id='word_1_73' title='bbox 862 903 916 912; x_wconf 95' lang='lat'>—</span> <span class='ocrx_word' id='word_1_74' title='bbox 941 896 962 919; x_wconf 66' lang='grc' dir='ltr'><strong>α</strong></span> <span class='ocrx_word' id='word_1_75' title='bbox 982 882 1110 933; x_wconf 81' lang='grc' dir='ltr'>αὑτοῦ]</span> <span class='ocrx_word' id='word_1_76' title='bbox 1132 883 1305 920; x_wconf 88' lang='lat' dir='ltr'><strong>correxit</strong></span> 
     </span>
     <span class='ocr_line' id='line_1_12' title="bbox 265 939 1304 992; baseline -0.002 -13"><span class='ocrx_word' id='word_1_77' title='bbox 265 942 444 989; x_wconf 84' lang='lat' dir='ltr'><strong>Allatius;</strong></span> <span class='ocrx_word' id='word_1_78' title='bbox 479 939 590 980; x_wconf 92' lang='lat' dir='ltr'><strong>codd.</strong></span> <span class='ocrx_word' id='word_1_79' title='bbox 633 940 740 992; x_wconf 78' lang='grc' dir='ltr'>αὐτῷ.</span> <span class='ocrx_word' id='word_1_80' title='bbox 773 962 825 969; x_wconf 91' lang='grc'><strong>-</strong></span> <span class='ocrx_word' id='word_1_81' title='bbox 876 941 896 978; x_wconf 85' lang='grc'>3</span> <span class='ocrx_word' id='word_1_82' title='bbox 930 940 1116 992; x_wconf 85' lang='lat' dir='ltr'><strong>Sequitur</strong></span> <span class='ocrx_word' id='word_1_83' title='bbox 1146 953 1304 978; x_wconf 78' lang='lat' dir='ltr'><strong>censura</strong></span> 
     </span>
     <span class='ocr_line' id='line_1_13' title="bbox 269 996 1304 1051; baseline -0.001 -14"><span class='ocrx_word' id='word_1_84' title='bbox 269 1000 413 1050; x_wconf 88' lang='lat' dir='ltr'><strong>quintae</strong></span> <span class='ocrx_word' id='word_1_85' title='bbox 432 999 621 1037; x_wconf 91' lang='lat' dir='ltr'><strong>orationis</strong></span> <span class='ocrx_word' id='word_1_86' title='bbox 642 996 863 1047; x_wconf 84' lang='lat' dir='ltr'><strong>Isocrateae,</strong></span> <span class='ocrx_word' id='word_1_87' title='bbox 885 1013 999 1051; x_wconf 86' lang='lat' dir='ltr'><strong>quam</strong></span> <span class='ocrx_word' id='word_1_88' title='bbox 1027 1000 1159 1038; x_wconf 90' lang='lat' dir='ltr'><strong>multis</strong></span> <span class='ocrx_word' id='word_1_89' title='bbox 1178 999 1304 1037; x_wconf 88' lang='lat' dir='ltr'><strong>nomi-</strong></span> 
     </span>
     <span class='ocr_line' id='line_1_14' title="bbox 265 1057 1303 1110; baseline -0.001 -14"><span class='ocrx_word' id='word_1_90' title='bbox 265 1059 382 1098; x_wconf 90' lang='lat' dir='ltr'><strong>nibus</strong></span> <span class='ocrx_word' id='word_1_91' title='bbox 396 1058 638 1110; x_wconf 84' lang='lat' dir='ltr'><strong>Speusippus</strong></span> <span class='ocrx_word' id='word_1_92' title='bbox 653 1058 914 1109; x_wconf 82' lang='lat' dir='ltr'><strong>reprehendit.</strong></span> <span class='ocrx_word' id='word_1_93' title='bbox 929 1080 982 1087; x_wconf 89' lang='lat'>—</span> <span class='ocrx_word' id='word_1_94' title='bbox 996 1064 1015 1102; x_wconf 88' lang='grc'><strong>4</strong></span> <span class='ocrx_word' id='word_1_95' title='bbox 1034 1057 1123 1109; x_wconf 85' lang='grc' dir='ltr'>χρὴ]</span> <span class='ocrx_word' id='word_1_96' title='bbox 1147 1058 1303 1109; x_wconf 90' lang='lat' dir='ltr'><strong>quomi-</strong></span> 
     </span>
     <span class='ocr_line' id='line_1_15' title="bbox 266 1114 1302 1168; baseline -0.003 -13"><span class='ocrx_word' id='word_1_97' title='bbox 266 1129 339 1155; x_wconf 90' lang='lat' dir='ltr'><strong>nus</strong></span> <span class='ocrx_word' id='word_1_98' title='bbox 359 1116 399 1154; x_wconf 92' lang='lat' dir='ltr'><strong>in</strong></span> <span class='ocrx_word' id='word_1_99' title='bbox 419 1117 507 1168; x_wconf 74' lang='grc' dir='ltr'>χρῆν</span> <span class='ocrx_word' id='word_1_100' title='bbox 538 1123 660 1153; x_wconf 91' lang='lat' dir='ltr'><strong>mutes</strong></span> <span class='ocrx_word' id='word_1_101' title='bbox 674 1145 683 1163; x_wconf 93' lang='lat'>‚</span> <span class='ocrx_word' id='word_1_102' title='bbox 717 1114 844 1153; x_wconf 84' lang='lat' dir='ltr'><strong>obstat</strong></span> <span class='ocrx_word' id='word_1_103' title='bbox 863 1115 964 1153; x_wconf 92' lang='lat' dir='ltr'><strong>idem</strong></span> <span class='ocrx_word' id='word_1_104' title='bbox 990 1117 1189 1166; x_wconf 77' lang='lat' dir='ltr'><strong>praesentis</strong></span> <span class='ocrx_word' id='word_1_105' title='bbox 1211 1124 1302 1153; x_wconf 87' lang='lat' dir='ltr'><strong>tem-</strong></span> 
     </span>
     <span class='ocr_line' id='line_1_16' title="bbox 263 1172 1299 1226; baseline -0.002 -13"><span class='ocrx_word' id='word_1_106' title='bbox 263 1175 371 1226; x_wconf 89' lang='lat' dir='ltr'><strong>poris</strong></span> <span class='ocrx_word' id='word_1_107' title='bbox 394 1187 488 1213; x_wconf 92' lang='lat' dir='ltr'><strong>usus</strong></span> <span class='ocrx_word' id='word_1_108' title='bbox 518 1175 558 1212; x_wconf 90' lang='lat' dir='ltr'><strong>in</strong></span> <span class='ocrx_word' id='word_1_109' title='bbox 586 1173 850 1224; x_wconf 89' lang='lat' dir='ltr'><strong>sequentibus.</strong></span> <span class='ocrx_word' id='word_1_110' title='bbox 869 1197 919 1202; x_wconf 95' lang='lat'><strong>—-</strong></span> <span class='ocrx_word' id='word_1_111' title='bbox 942 1174 962 1211; x_wconf 84' lang='lat'>5</span> <span class='ocrx_word' id='word_1_112' title='bbox 1002 1172 1188 1226; x_wconf 64' lang='grc' dir='ltr'><strong>εΗρακλῆς</strong></span> <span class='ocrx_word' id='word_1_113' title='bbox 1218 1173 1299 1226; x_wconf 87' lang='grc' dir='ltr'>γάρ,</span> 
     </span>
     <span class='ocr_line' id='line_1_17' title="bbox 263 1233 1301 1284; baseline -0.002 -12"><span class='ocrx_word' id='word_1_114' title='bbox 263 1233 357 1277; x_wconf 84' lang='grc' dir='ltr'>ὄντος</span> <span class='ocrx_word' id='word_1_115' title='bbox 385 1234 463 1273; x_wconf 85' lang='grc' dir='ltr'>κτλ.</span> <span class='ocrx_word' id='word_1_116' title='bbox 481 1233 496 1284; x_wconf 90' lang='grc'>]</span> <span class='ocrx_word' id='word_1_117' title='bbox 518 1233 575 1270; x_wconf 87' lang='lat' dir='ltr'><strong>lta</strong></span> <span class='ocrx_word' id='word_1_118' title='bbox 594 1233 721 1271; x_wconf 92' lang='lat' dir='ltr'><strong>locum</strong></span> <span class='ocrx_word' id='word_1_119' title='bbox 740 1233 962 1271; x_wconf 85' lang='lat' dir='ltr'><strong>emendavit</strong></span> <span class='ocrx_word' id='word_1_120' title='bbox 986 1233 1301 1271; x_wconf 86' lang='lat' dir='ltr'><strong>Hemsterhusins</strong></span> 
     </span>
     <span class='ocr_line' id='line_1_18' title="bbox 262 1291 1300 1342; baseline -0.003 -11"><span class='ocrx_word' id='word_1_121' title='bbox 262 1295 309 1331; x_wconf 93' lang='lat' dir='ltr'><strong>ad</strong></span> <span class='ocrx_word' id='word_1_122' title='bbox 334 1293 462 1331; x_wconf 83' lang='lat' dir='ltr'><strong>Schol.</strong></span> <span class='ocrx_word' id='word_1_123' title='bbox 487 1291 683 1342; x_wconf 85' lang='lat' dir='ltr'><strong>Aristoph.</strong></span> <span class='ocrx_word' id='word_1_124' title='bbox 714 1291 815 1330; x_wconf 84' lang='lat' dir='ltr'><strong>Plut.</strong></span> <span class='ocrx_word' id='word_1_125' title='bbox 838 1305 877 1331; x_wconf 86' lang='lat' dir='ltr'><strong>v.</strong></span> <span class='ocrx_word' id='word_1_126' title='bbox 915 1297 1029 1342; x_wconf 79' lang='lat'><strong>1014,</strong></span> <span class='ocrx_word' id='word_1_127' title='bbox 1060 1291 1126 1328; x_wconf 89' lang='lat' dir='ltr'><strong>ubi</strong></span> <span class='ocrx_word' id='word_1_128' title='bbox 1147 1292 1229 1328; x_wconf 88' lang='lat' dir='ltr'><strong>haec</strong></span> <span class='ocrx_word' id='word_1_129' title='bbox 1248 1291 1300 1328; x_wconf 86' lang='lat' dir='ltr'><strong>lc·</strong></span> 
     </span>
     <span class='ocr_line' id='line_1_19' title="bbox 263 1348 1301 1402; baseline -0.005 -12"><span class='ocrx_word' id='word_1_130' title='bbox 263 1361 405 1402; x_wconf 81' lang='lat' dir='ltr'><strong>guntur</strong></span> <span class='ocrx_word' id='word_1_131' title='bbox 429 1364 437 1389; x_wconf 91' lang='lat'><strong>:</strong></span> <span class='ocrx_word' id='word_1_132' title='bbox 461 1350 533 1388; x_wconf 75' lang='grc' dir='ltr'>ἐστὶ</span> <span class='ocrx_word' id='word_1_133' title='bbox 551 1350 608 1397; x_wconf 82' lang='grc' dir='ltr'><strong>καὶ</strong></span> <span class='ocrx_word' id='word_1_134' title='bbox 628 1349 735 1402; x_wconf 81' lang='grc' dir='ltr'>μικρὰ</span> <span class='ocrx_word' id='word_1_135' title='bbox 756 1348 929 1402; x_wconf 79' lang='grc' dir='ltr'>μυστήρια</span> <span class='ocrx_word' id='word_1_136' title='bbox 949 1348 1112 1399; x_wconf 86' lang='grc' dir='ltr'>γινόμενα</span> <span class='ocrx_word' id='word_1_137' title='bbox 1129 1349 1172 1386; x_wconf 88' lang='grc' dir='ltr'><strong>δι’</strong></span> <span class='ocrx_word' id='word_1_138' title='bbox 1192 1348 1301 1399; x_wconf 88' lang='grc' dir='ltr'>Ἥρα-</span> 
     </span>
     <span class='ocr_line' id='line_1_20' title="bbox 261 1406 1302 1460; baseline -0.004 -11"><span class='ocrx_word' id='word_1_139' title='bbox 261 1410 357 1449; x_wconf 87' lang='grc' dir='ltr'>κλέα.</span> <span class='ocrx_word' id='word_1_140' title='bbox 394 1409 577 1460; x_wconf 79' lang='grc' dir='ltr'>Ἡρακλῆς</span> <span class='ocrx_word' id='word_1_141' title='bbox 606 1406 673 1459; x_wconf 88' lang='grc' dir='ltr'>γὰρ</span> <span class='ocrx_word' id='word_1_142' title='bbox 708 1406 852 1450; x_wconf 82' lang='grc' dir='ltr'>ἐπιστὰς</span> <span class='ocrx_word' id='word_1_143' title='bbox 892 1406 989 1453; x_wconf 84' lang='grc' dir='ltr'>ἠξίου</span> <span class='ocrx_word' id='word_1_144' title='bbox 1019 1411 1197 1457; x_wconf 84' lang='grc' dir='ltr'>μυεῖσθαι,</span> <span class='ocrx_word' id='word_1_145' title='bbox 1229 1407 1302 1451; x_wconf 78' lang='grc' dir='ltr'>ἔθος</span> 
     </span>
     <span class='ocr_line' id='line_1_21' title="bbox 261 1462 1300 1517; baseline -0.002 -11"><span class='ocrx_word' id='word_1_146' title='bbox 261 1467 296 1506; x_wconf 80' lang='grc' dir='ltr'><strong>δὲ</strong></span> <span class='ocrx_word' id='word_1_147' title='bbox 326 1462 367 1515; x_wconf 67' lang='grc' dir='ltr'><strong>ἦν</strong></span> <span class='ocrx_word' id='word_1_148' title='bbox 386 1465 575 1513; x_wconf 84' lang='grc' dir='ltr'>Ἀθηναίοις</span> <span class='ocrx_word' id='word_1_149' title='bbox 607 1463 701 1509; x_wconf 84' lang='grc' dir='ltr'>ξένον</span> <span class='ocrx_word' id='word_1_150' title='bbox 736 1463 786 1515; x_wconf 89' lang='grc' dir='ltr'><strong>μὴ</strong></span> <span class='ocrx_word' id='word_1_151' title='bbox 809 1465 920 1514; x_wconf 80' lang='grc' dir='ltr'>μυεῖν.</span> <span class='ocrx_word' id='word_1_152' title='bbox 951 1465 1014 1511; x_wconf 85' lang='grc' dir='ltr'><strong>Μὴ</strong></span> <span class='ocrx_word' id='word_1_153' title='bbox 1037 1464 1237 1517; x_wconf 88' lang='grc' dir='ltr'>βουλόμενοι</span> <span class='ocrx_word' id='word_1_154' title='bbox 1266 1465 1300 1504; x_wconf 82' lang='grc' dir='ltr'><strong>δὲ</strong></span> 
     </span>
     <span class='ocr_line' id='line_1_22' title="bbox 259 1521 1298 1575; baseline -0.003 -11"><span class='ocrx_word' id='word_1_155' title='bbox 259 1527 362 1564; x_wconf 75' lang='grc' dir='ltr'>λῦσαι</span> <span class='ocrx_word' id='word_1_156' title='bbox 382 1524 421 1563; x_wconf 79' lang='grc' dir='ltr'><strong>τὸ</strong></span> <span class='ocrx_word' id='word_1_157' title='bbox 447 1522 520 1566; x_wconf 80' lang='grc' dir='ltr'>ἔθος</span> <span class='ocrx_word' id='word_1_158' title='bbox 540 1522 628 1573; x_wconf 82' lang='grc' dir='ltr'>μηδὲ</span> <span class='ocrx_word' id='word_1_159' title='bbox 651 1524 791 1560; x_wconf 84' lang='grc' dir='ltr'>ἀπῶσαι</span> <span class='ocrx_word' id='word_1_160' title='bbox 811 1521 868 1560; x_wconf 85' lang='grc' dir='ltr'><strong>τὸν</strong></span> <span class='ocrx_word' id='word_1_161' title='bbox 890 1521 1072 1573; x_wconf 81' lang='grc' dir='ltr'>εὐεργέτην</span> <span class='ocrx_word' id='word_1_162' title='bbox 1095 1521 1275 1575; x_wconf 81' lang='grc' dir='ltr'>Ἡρακλέα</span> <span class='ocrx_word' id='word_1_163' title='bbox 1289 1555 1298 1572; x_wconf 91' lang='grc'><strong>,</strong></span> 
     </span>
     <span class='ocr_line' id='line_1_23' title="bbox 260 1580 1302 1634; baseline -0.001 -12"><span class='ocrx_word' id='word_1_164' title='bbox 260 1583 450 1631; x_wconf 82' lang='grc' dir='ltr'>ἐπενόησαν</span> <span class='ocrx_word' id='word_1_165' title='bbox 482 1580 656 1633; x_wconf 78' lang='grc' dir='ltr'>μυστήρια</span> <span class='ocrx_word' id='word_1_166' title='bbox 689 1580 916 1630; x_wconf 81' lang='grc' dir='ltr'>εὖμετάδοτα.</span> <span class='ocrx_word' id='word_1_167' title='bbox 951 1603 1001 1610; x_wconf 95' lang='grc'>-</span> <span class='ocrx_word' id='word_1_168' title='bbox 1023 1582 1045 1618; x_wconf 93' lang='grc'>6</span> <span class='ocrx_word' id='word_1_169' title='bbox 1067 1581 1224 1634; x_wconf 85' lang='grc' dir='ltr'>Πυλίου]</span> <span class='ocrx_word' id='word_1_170' title='bbox 1247 1583 1302 1621; x_wconf 85' lang='lat' dir='ltr'><strong>lta</strong></span> 
     </span>
     <span class='ocr_line' id='line_1_24' title="bbox 260 1639 1301 1682; baseline -0.002 0"><span class='ocrx_word' id='word_1_171' title='bbox 260 1642 551 1682; x_wconf 86' lang='lat' dir='ltr'><strong>rescribendum</strong></span> <span class='ocrx_word' id='word_1_172' title='bbox 582 1653 664 1678; x_wconf 88' lang='lat' dir='ltr'><strong>esse</strong></span> <span class='ocrx_word' id='word_1_173' title='bbox 685 1640 796 1679; x_wconf 89' lang='lat' dir='ltr'><strong>docet</strong></span> <span class='ocrx_word' id='word_1_174' title='bbox 815 1639 1048 1679; x_wconf 83' lang='lat' dir='ltr'><strong>scholiastes</strong></span> <span class='ocrx_word' id='word_1_175' title='bbox 1069 1641 1228 1679; x_wconf 86' lang='lat' dir='ltr'><strong>Homeri</strong></span> <span class='ocrx_word' id='word_1_176' title='bbox 1255 1644 1301 1680; x_wconf 86' lang='lat' dir='ltr'><strong>ad</strong></span> 
     </span>
     <span class='ocr_line' id='line_1_25' title="bbox 259 1695 1301 1752; baseline -0.003 -11"><span class='ocrx_word' id='word_1_177' title='bbox 259 1703 367 1741; x_wconf 85' lang='lat' dir='ltr'><strong>Iliad.</strong></span> <span class='ocrx_word' id='word_1_178' title='bbox 389 1706 417 1740; x_wconf 91' lang='grc' dir='ltr'><strong>θ.</strong></span> <span class='ocrx_word' id='word_1_179' title='bbox 444 1701 517 1739; x_wconf 80' lang='lat'><strong>368</strong></span> <span class='ocrx_word' id='word_1_180' title='bbox 547 1714 555 1738; x_wconf 81' lang='lat' dir='ltr'><strong><em>z</em></strong></span> <span class='ocrx_word' id='word_1_181' title='bbox 588 1695 687 1747; x_wconf 75' lang='grc' dir='ltr'>ἦλθεν</span> <span class='ocrx_word' id='word_1_182' title='bbox 716 1698 900 1752; x_wconf 77' lang='grc' dir='ltr'>Ἡρακλῆς</span> <span class='ocrx_word' id='word_1_183' title='bbox 933 1698 1015 1752; x_wconf 82' lang='grc' dir='ltr'>πρὸς</span> <span class='ocrx_word' id='word_1_184' title='bbox 1039 1698 1227 1751; x_wconf 88' lang='grc' dir='ltr'>Εὔμολπον</span> <span class='ocrx_word' id='word_1_185' title='bbox 1256 1703 1301 1744; x_wconf 84' lang='grc' dir='ltr'><strong>εἷς</strong></span> 
     </span>
     <span class='ocr_line' id='line_1_26' title="bbox 260 1751 1300 1811; baseline -0.004 -10"><span class='ocrx_word' id='word_1_186' title='bbox 260 1761 463 1808; x_wconf 84' lang='grc' dir='ltr'>Ἐλευσῖνα,</span> <span class='ocrx_word' id='word_1_187' title='bbox 491 1758 696 1811; x_wconf 88' lang='grc' dir='ltr'>βουλόμενος</span> <span class='ocrx_word' id='word_1_188' title='bbox 723 1760 910 1809; x_wconf 77' lang='grc' dir='ltr'>μυηθῆναι·</span> <span class='ocrx_word' id='word_1_189' title='bbox 935 1751 977 1805; x_wconf 69' lang='grc' dir='ltr'><strong>ἦν</strong></span> <span class='ocrx_word' id='word_1_190' title='bbox 1000 1756 1036 1795; x_wconf 84' lang='grc' dir='ltr'><strong>δὲ</strong></span> <span class='ocrx_word' id='word_1_191' title='bbox 1066 1759 1128 1796; x_wconf 82' lang='grc' dir='ltr'><strong>οὔκ</strong></span> <span class='ocrx_word' id='word_1_192' title='bbox 1149 1757 1221 1803; x_wconf 79' lang='grc' dir='ltr'>ἐξὸν</span> <span class='ocrx_word' id='word_1_193' title='bbox 1247 1759 1300 1804; x_wconf 88' lang='grc' dir='ltr'>ξέ-</span> 
     </span>
     <span class='ocr_line' id='line_1_27' title="bbox 259 1815 1297 1871; baseline -0.003 -12"><span class='ocrx_word' id='word_1_194' title='bbox 259 1836 327 1864; x_wconf 88' lang='grc' dir='ltr'>νοις</span> <span class='ocrx_word' id='word_1_195' title='bbox 362 1819 442 1858; x_wconf 89' lang='grc' dir='ltr'>τότε</span> <span class='ocrx_word' id='word_1_196' title='bbox 477 1821 649 1869; x_wconf 75' lang='grc' dir='ltr'>μυεῖσθαι·</span> <span class='ocrx_word' id='word_1_197' title='bbox 674 1817 725 1855; x_wconf 87' lang='grc' dir='ltr'><strong>διὸ</strong></span> <span class='ocrx_word' id='word_1_198' title='bbox 753 1816 883 1868; x_wconf 88' lang='grc' dir='ltr'>γίνεται</span> <span class='ocrx_word' id='word_1_199' title='bbox 913 1815 1050 1856; x_wconf 88' lang='grc' dir='ltr'>Πυλίου</span> <span class='ocrx_word' id='word_1_200' title='bbox 1087 1817 1181 1861; x_wconf 83' lang='grc' dir='ltr'>θετὸς</span> <span class='ocrx_word' id='word_1_201' title='bbox 1202 1818 1297 1871; x_wconf 84' lang='grc' dir='ltr'>υἱός,</span> 
     </span>
     <span class='ocr_line' id='line_1_28' title="bbox 259 1875 1298 1929; baseline -0.005 -11"><span class='ocrx_word' id='word_1_202' title='bbox 259 1879 318 1918; x_wconf 75' lang='grc' dir='ltr'><strong>καὶ</strong></span> <span class='ocrx_word' id='word_1_203' title='bbox 346 1876 584 1929; x_wconf 82' lang='grc' dir='ltr'>διαγενόμενος</span> <span class='ocrx_word' id='word_1_204' title='bbox 614 1877 763 1926; x_wconf 85' lang='grc' dir='ltr'>ἐμυεῖτο.</span> <span class='ocrx_word' id='word_1_205' title='bbox 795 1876 855 1914; x_wconf 90' lang='lat' dir='ltr'><strong>Cf.</strong></span> <span class='ocrx_word' id='word_1_206' title='bbox 880 1875 1141 1926; x_wconf 89' lang='lat' dir='ltr'><strong>Apollodorus</strong></span> <span class='ocrx_word' id='word_1_207' title='bbox 1174 1876 1229 1924; x_wconf 85' lang='grc' dir='ltr'><strong>ΙΙ,</strong></span> <span class='ocrx_word' id='word_1_208' title='bbox 1260 1877 1298 1927; x_wconf 84' lang='grc'><strong>5,</strong></span> 
     </span>
     <span class='ocr_line' id='line_1_29' title="bbox 265 1934 1302 1990; baseline -0.004 -13"><span class='ocrx_word' id='word_1_209' title='bbox 265 1954 308 1977; x_wconf 82' lang='lat'><strong>12</strong></span> <span class='ocrx_word' id='word_1_210' title='bbox 324 1952 334 1990; x_wconf 81' lang='lat'>3</span> <span class='ocrx_word' id='word_1_211' title='bbox 353 1938 465 1977; x_wconf 88' lang='lat' dir='ltr'><strong>codd.</strong></span> <span class='ocrx_word' id='word_1_212' title='bbox 490 1935 637 1982; x_wconf 86' lang='grc' dir='ltr'>Πηλίου.</span> <span class='ocrx_word' id='word_1_213' title='bbox 659 1959 705 1965; x_wconf 92' lang='grc'>-</span> <span class='ocrx_word' id='word_1_214' title='bbox 724 1950 744 1983; x_wconf 88' lang='grc'><strong>7</strong></span> <span class='ocrx_word' id='word_1_215' title='bbox 763 1934 881 1986; x_wconf 82' lang='grc' dir='ltr'>ὑμῶν]</span> <span class='ocrx_word' id='word_1_216' title='bbox 895 1934 1117 1986; x_wconf 80' lang='lat' dir='ltr'><strong>Philippus,</strong></span> <span class='ocrx_word' id='word_1_217' title='bbox 1136 1935 1302 1973; x_wconf 87' lang='lat' dir='ltr'><strong>Alexan-</strong></span> 
     </span>
     <span class='ocr_line' id='line_1_30' title="bbox 261 1991 1298 2048; baseline -0.003 -13"><span class='ocrx_word' id='word_1_218' title='bbox 261 1997 322 2035; x_wconf 88' lang='lat' dir='ltr'><strong>dri</strong></span> <span class='ocrx_word' id='word_1_219' title='bbox 342 2004 464 2048; x_wconf 88' lang='lat' dir='ltr'><strong>pater,</strong></span> <span class='ocrx_word' id='word_1_220' title='bbox 493 1994 541 2032; x_wconf 90' lang='lat' dir='ltr'><strong>ab</strong></span> <span class='ocrx_word' id='word_1_221' title='bbox 563 1994 725 2032; x_wconf 85' lang='lat' dir='ltr'><strong>Hercule</strong></span> <span class='ocrx_word' id='word_1_222' title='bbox 746 2006 785 2032; x_wconf 95' lang='lat' dir='ltr'><strong>se</strong></span> <span class='ocrx_word' id='word_1_223' title='bbox 802 1993 1012 2031; x_wconf 90' lang='lat' dir='ltr'><strong>oriundum</strong></span> <span class='ocrx_word' id='word_1_224' title='bbox 1031 1991 1189 2031; x_wconf 88' lang='lat' dir='ltr'><strong>ferebat.</strong></span> <span class='ocrx_word' id='word_1_225' title='bbox 1209 1993 1298 2032; x_wconf 82' lang='lat' dir='ltr'><strong>vid.</strong></span> 
     </span>
     <span class='ocr_line' id='line_1_31' title="bbox 261 2052 1297 2104; baseline -0.002 -11"><span class='ocrx_word' id='word_1_226' title='bbox 261 2056 293 2093; x_wconf 88' lang='lat' dir='ltr'>T</span> <span class='ocrx_word' id='word_1_227' title='bbox 297 2056 455 2095; x_wconf 90' lang='lat' dir='ltr'><strong>heocrit.</strong></span> <span class='ocrx_word' id='word_1_228' title='bbox 497 2054 613 2104; x_wconf 87' lang='lat' dir='ltr'><strong>Idyll.</strong></span> <span class='ocrx_word' id='word_1_229' title='bbox 653 2052 761 2092; x_wconf 89' lang='lat' dir='ltr'>XVII</span> <span class='ocrx_word' id='word_1_230' title='bbox 795 2062 832 2090; x_wconf 91' lang='lat' dir='ltr'><strong>et</strong></span> <span class='ocrx_word' id='word_1_231' title='bbox 860 2052 1111 2090; x_wconf 84' lang='lat' dir='ltr'><strong>Plutarchum</strong></span> <span class='ocrx_word' id='word_1_232' title='bbox 1148 2054 1190 2090; x_wconf 89' lang='lat' dir='ltr'><strong>in</strong></span> <span class='ocrx_word' id='word_1_233' title='bbox 1227 2054 1297 2091; x_wconf 89' lang='lat' dir='ltr'><strong>vit.</strong></span> 
     </span>
     <span class='ocr_line' id='line_1_32' title="bbox 261 2110 1301 2164; baseline -0.005 -11"><span class='ocrx_word' id='word_1_234' title='bbox 261 2114 470 2153; x_wconf 81' lang='lat' dir='ltr'><strong>Alexandri</strong></span> <span class='ocrx_word' id='word_1_235' title='bbox 491 2127 575 2164; x_wconf 89' lang='lat' dir='ltr'><strong>cap.</strong></span> <span class='ocrx_word' id='word_1_236' title='bbox 614 2127 648 2150; x_wconf 91' lang='lat'><strong>1.</strong></span> <span class='ocrx_word' id='word_1_237' title='bbox 679 2112 806 2157; x_wconf 86' lang='lat' dir='ltr'><strong>Quare</strong></span> <span class='ocrx_word' id='word_1_238' title='bbox 837 2112 1007 2149; x_wconf 91' lang='lat' dir='ltr'><strong>aliorum</strong></span> <span class='ocrx_word' id='word_1_239' title='bbox 1035 2110 1147 2149; x_wconf 88' lang='lat' dir='ltr'><strong>codd.</strong></span> <span class='ocrx_word' id='word_1_240' title='bbox 1183 2111 1301 2149; x_wconf 89' lang='lat' dir='ltr'><strong>lectio</strong></span> 
     </span>
     <span class='ocr_line' id='line_1_33' title="bbox 261 2168 1299 2224; baseline -0.004 -12"><span class='ocrx_word' id='word_1_241' title='bbox 261 2175 359 2224; x_wconf 87' lang='grc' dir='ltr'>ἡμῶν</span> <span class='ocrx_word' id='word_1_242' title='bbox 381 2173 474 2211; x_wconf 91' lang='lat' dir='ltr'><strong>ferri</strong></span> <span class='ocrx_word' id='word_1_243' title='bbox 499 2185 578 2209; x_wconf 91' lang='lat' dir='ltr'><strong>non</strong></span> <span class='ocrx_word' id='word_1_244' title='bbox 602 2179 739 2221; x_wconf 88' lang='lat' dir='ltr'><strong>potest.</strong></span> <span class='ocrx_word' id='word_1_245' title='bbox 762 2192 814 2199; x_wconf 89' lang='lat'>—</span> <span class='ocrx_word' id='word_1_246' title='bbox 830 2170 852 2207; x_wconf 91' lang='lat'>8</span> <span class='ocrx_word' id='word_1_247' title='bbox 872 2169 932 2213; x_wconf 81' lang='grc' dir='ltr'><strong>τὰς</strong></span> <span class='ocrx_word' id='word_1_248' title='bbox 952 2168 1197 2222; x_wconf 83' lang='grc' dir='ltr'>Ἀλεξάνδρου]</span> <span class='ocrx_word' id='word_1_249' title='bbox 1214 2169 1299 2210; x_wconf 85' lang='lat' dir='ltr'><strong>vid.</strong></span> 
     </span>
     <span class='ocr_line' id='line_1_34' title="bbox 261 2228 1302 2280; baseline -0.004 -9"><span class='ocrx_word' id='word_1_250' title='bbox 261 2232 443 2271; x_wconf 89' lang='lat' dir='ltr'><strong>Herodot.</strong></span> <span class='ocrx_word' id='word_1_251' title='bbox 464 2229 533 2280; x_wconf 86' lang='lat' dir='ltr'><strong>IX,</strong></span> <span class='ocrx_word' id='word_1_252' title='bbox 563 2236 610 2275; x_wconf 95' lang='grc'><strong>44</strong></span> <span class='ocrx_word' id='word_1_253' title='bbox 634 2238 671 2267; x_wconf 90' lang='lat' dir='ltr'><strong>et</strong></span> <span class='ocrx_word' id='word_1_254' title='bbox 693 2229 756 2275; x_wconf 87' lang='grc'><strong>45.</strong></span> <span class='ocrx_word' id='word_1_255' title='bbox 778 2251 830 2258; x_wconf 95' lang='lat'>—</span> <span class='ocrx_word' id='word_1_256' title='bbox 850 2243 874 2279; x_wconf 89' lang='lat'><strong>9</strong></span> <span class='ocrx_word' id='word_1_257' title='bbox 895 2228 1109 2267; x_wconf 84' lang='lat' dir='ltr'><strong>confundit</strong></span> <span class='ocrx_word' id='word_1_258' title='bbox 1128 2237 1302 2279; x_wconf 86' lang='lat' dir='ltr'><strong>tempora</strong></span> 
     </span>
     <span class='ocr_line' id='line_1_35' title="bbox 260 2286 1300 2344; baseline -0.004 -13"><span class='ocrx_word' id='word_1_259' title='bbox 260 2292 430 2344; x_wconf 73' lang='lat' dir='ltr'><strong>epistolae</strong></span> <span class='ocrx_word' id='word_1_260' title='bbox 462 2299 610 2329; x_wconf 82' lang='lat' dir='ltr'><strong>auctor.</strong></span> <span class='ocrx_word' id='word_1_261' title='bbox 634 2289 798 2338; x_wconf 85' lang='lat' dir='ltr'><strong>Legatos</strong></span> <span class='ocrx_word' id='word_1_262' title='bbox 823 2289 927 2327; x_wconf 87' lang='lat' dir='ltr'><strong>enim</strong></span> <span class='ocrx_word' id='word_1_263' title='bbox 954 2301 1033 2326; x_wconf 89' lang='lat' dir='ltr'><strong>non</strong></span> <span class='ocrx_word' id='word_1_264' title='bbox 1055 2286 1213 2336; x_wconf 86' lang='lat' dir='ltr'><strong>Xerxis,</strong></span> <span class='ocrx_word' id='word_1_265' title='bbox 1233 2289 1300 2339; x_wconf 91' lang='lat' dir='ltr'><strong>qui</strong></span> 
     </span>
     <span class='ocr_line' id='line_1_36' title="bbox 261 2345 1298 2395; baseline -0.005 -7"><span class='ocrx_word' id='word_1_266' title='bbox 261 2351 297 2388; x_wconf 88' lang='lat' dir='ltr'><strong>ei</strong></span> <span class='ocrx_word' id='word_1_267' title='bbox 330 2348 588 2388; x_wconf 89' lang='lat' dir='ltr'><strong>amicissimus</strong></span> <span class='ocrx_word' id='word_1_268' title='bbox 609 2356 708 2394; x_wconf 85' lang='lat' dir='ltr'><strong>erat,</strong></span> <span class='ocrx_word' id='word_1_269' title='bbox 743 2347 839 2385; x_wconf 90' lang='lat' dir='ltr'><strong>adeo</strong></span> <span class='ocrx_word' id='word_1_270' title='bbox 864 2355 906 2384; x_wconf 88' lang='lat' dir='ltr'><strong>ut</strong></span> <span class='ocrx_word' id='word_1_271' title='bbox 926 2345 974 2384; x_wconf 92' lang='lat' dir='ltr'><strong>ab</strong></span> <span class='ocrx_word' id='word_1_272' title='bbox 1003 2358 1094 2395; x_wconf 91' lang='lat' dir='ltr'><strong>rege</strong></span> <span class='ocrx_word' id='word_1_273' title='bbox 1111 2345 1298 2384; x_wconf 87' lang='lat' dir='ltr'><strong>Graeciam</strong></span> 
     </span>
     <span class='ocr_line' id='line_1_37' title="bbox 263 2404 1301 2460; baseline -0.005 -13"><span class='ocrx_word' id='word_1_274' title='bbox 263 2416 477 2460; x_wconf 88' lang='lat' dir='ltr'><strong>occupante</strong></span> <span class='ocrx_word' id='word_1_275' title='bbox 509 2415 625 2444; x_wconf 84' lang='lat' dir='ltr'><strong>totam</strong></span> <span class='ocrx_word' id='word_1_276' title='bbox 658 2405 855 2455; x_wconf 87' lang='lat' dir='ltr'><strong>regionem</strong></span> <span class='ocrx_word' id='word_1_277' title='bbox 888 2406 988 2442; x_wconf 89' lang='lat' dir='ltr'><strong>inter</strong></span> <span class='ocrx_word' id='word_1_278' title='bbox 1020 2404 1231 2454; x_wconf 87' lang='lat' dir='ltr'><strong>Olympum</strong></span> <span class='ocrx_word' id='word_1_279' title='bbox 1264 2414 1301 2442; x_wconf 92' lang='lat' dir='ltr'><strong>et</strong></span> 
     </span>
     <span class='ocr_line' id='line_1_38' title="bbox 264 2463 1301 2514; baseline -0.004 -9"><span class='ocrx_word' id='word_1_280' title='bbox 264 2467 438 2505; x_wconf 77' lang='lat' dir='ltr'><strong>Haemum</strong></span> <span class='ocrx_word' id='word_1_281' title='bbox 458 2474 607 2503; x_wconf 90' lang='lat' dir='ltr'><strong>montes</strong></span> <span class='ocrx_word' id='word_1_282' title='bbox 627 2464 865 2514; x_wconf 88' lang='lat' dir='ltr'><strong>interjectam</strong></span> <span class='ocrx_word' id='word_1_283' title='bbox 886 2463 989 2500; x_wconf 92' lang='lat' dir='ltr'><strong>dono</strong></span> <span class='ocrx_word' id='word_1_284' title='bbox 1011 2463 1218 2514; x_wconf 85' lang='lat' dir='ltr'><strong>acciperet,</strong></span> <span class='ocrx_word' id='word_1_285' title='bbox 1236 2464 1301 2501; x_wconf 90' lang='lat' dir='ltr'><strong>sed</strong></span> 
     </span>
     <span class='ocr_line' id='line_1_39' title="bbox 265 2521 1300 2577; baseline -0.005 -12"><span class='ocrx_word' id='word_1_286' title='bbox 265 2526 376 2565; x_wconf 84' lang='lat' dir='ltr'><strong>Darii</strong></span> <span class='ocrx_word' id='word_1_287' title='bbox 397 2525 600 2577; x_wconf 86' lang='lat' dir='ltr'><strong>Hystaspis</strong></span> <span class='ocrx_word' id='word_1_288' title='bbox 620 2524 667 2562; x_wconf 86' lang='lat' dir='ltr'><strong>ad</strong></span> <span class='ocrx_word' id='word_1_289' title='bbox 687 2532 835 2574; x_wconf 89' lang='lat' dir='ltr'><strong>patrem</strong></span> <span class='ocrx_word' id='word_1_290' title='bbox 859 2523 1090 2573; x_wconf 83' lang='lat' dir='ltr'><strong>Amyntam,</strong></span> <span class='ocrx_word' id='word_1_291' title='bbox 1121 2521 1300 2560; x_wconf 90' lang='lat' dir='ltr'><strong>Macedo-</strong></span> 
     </span>
     <span class='ocr_line' id='line_1_40' title="bbox 267 2582 1301 2634; baseline -0.005 -10"><span class='ocrx_word' id='word_1_292' title='bbox 267 2599 358 2624; x_wconf 90' lang='lat' dir='ltr'><strong>num</strong></span> <span class='ocrx_word' id='word_1_293' title='bbox 378 2597 527 2634; x_wconf 85' lang='lat' dir='ltr'><strong>regem,</strong></span> <span class='ocrx_word' id='word_1_294' title='bbox 559 2583 715 2628; x_wconf 86' lang='lat' dir='ltr'><strong>missos,</strong></span> <span class='ocrx_word' id='word_1_295' title='bbox 745 2582 813 2632; x_wconf 91' lang='lat' dir='ltr'><strong>qui</strong></span> <span class='ocrx_word' id='word_1_296' title='bbox 838 2590 978 2620; x_wconf 88' lang='lat' dir='ltr'><strong>terram</strong></span> <span class='ocrx_word' id='word_1_297' title='bbox 998 2589 1036 2618; x_wconf 89' lang='lat' dir='ltr'><strong>et</strong></span> <span class='ocrx_word' id='word_1_298' title='bbox 1064 2593 1200 2631; x_wconf 88' lang='lat' dir='ltr'><strong>aquam</strong></span> <span class='ocrx_word' id='word_1_299' title='bbox 1229 2595 1301 2632; x_wconf 93' lang='lat' dir='ltr'><strong>po-</strong></span> 
     </span>
     <span class='ocr_line' id='line_1_41' title="bbox 270 2639 1302 2693; baseline -0.006 -10"><span class='ocrx_word' id='word_1_300' title='bbox 270 2651 434 2690; x_wconf 87' lang='lat' dir='ltr'><strong>scerent,</strong></span> <span class='ocrx_word' id='word_1_301' title='bbox 448 2655 563 2693; x_wconf 87' lang='lat' dir='ltr'><strong>super</strong></span> <span class='ocrx_word' id='word_1_302' title='bbox 579 2642 709 2678; x_wconf 82' lang='lat' dir='ltr'><strong>vinum</strong></span> <span class='ocrx_word' id='word_1_303' title='bbox 724 2649 760 2677; x_wconf 91' lang='lat' dir='ltr'><strong>et</strong></span> <span class='ocrx_word' id='word_1_304' title='bbox 771 2641 903 2691; x_wconf 88' lang='lat' dir='ltr'><strong>epulas</strong></span> <span class='ocrx_word' id='word_1_305' title='bbox 917 2639 1124 2677; x_wconf 88' lang='lat' dir='ltr'><strong>trucidavit</strong></span> <span class='ocrx_word' id='word_1_306' title='bbox 1141 2639 1302 2677; x_wconf 88' lang='lat' dir='ltr'><strong>Alexan-</strong></span> 
     </span>
     <span class='ocr_line' id='line_1_42' title="bbox 266 2697 1300 2748; baseline -0.006 -6"><span class='ocrx_word' id='word_1_307' title='bbox 266 2706 347 2742; x_wconf 87' lang='lat' dir='ltr'><strong>der.</strong></span> <span class='ocrx_word' id='word_1_308' title='bbox 366 2701 500 2739; x_wconf 84' lang='lat' dir='ltr'><strong>Testes</strong></span> <span class='ocrx_word' id='word_1_309' title='bbox 521 2709 610 2738; x_wconf 87' lang='lat' dir='ltr'><strong>sunt</strong></span> <span class='ocrx_word' id='word_1_310' title='bbox 631 2699 848 2736; x_wconf 85' lang='lat' dir='ltr'><strong>Herodotus</strong></span> <span class='ocrx_word' id='word_1_311' title='bbox 868 2698 939 2738; x_wconf 91' lang='lat' dir='ltr'><strong>lib.</strong></span> <span class='ocrx_word' id='word_1_312' title='bbox 962 2697 993 2735; x_wconf 90' lang='lat' dir='ltr'>V</span> <span class='ocrx_word' id='word_1_313' title='bbox 1013 2710 1096 2748; x_wconf 91' lang='lat' dir='ltr'><strong>cap.</strong></span> <span class='ocrx_word' id='word_1_314' title='bbox 1121 2711 1238 2745; x_wconf 79' lang='lat'><strong>17-21</strong></span> <span class='ocrx_word' id='word_1_315' title='bbox 1263 2707 1300 2736; x_wconf 91' lang='lat' dir='ltr'><strong>et</strong></span> 
     </span>
     <span class='ocr_line' id='line_1_43' title="bbox 266 2754 1302 2808; baseline -0.005 -9"><span class='ocrx_word' id='word_1_316' title='bbox 266 2759 406 2799; x_wconf 87' lang='lat' dir='ltr'><strong>Justin.</strong></span> <span class='ocrx_word' id='word_1_317' title='bbox 435 2758 507 2797; x_wconf 91' lang='lat' dir='ltr'><strong>lib.</strong></span> <span class='ocrx_word' id='word_1_318' title='bbox 528 2757 622 2806; x_wconf 82' lang='lat' dir='ltr'><strong>Vll,</strong></span> <span class='ocrx_word' id='word_1_319' title='bbox 652 2770 737 2807; x_wconf 89' lang='lat' dir='ltr'><strong>cap.</strong></span> <span class='ocrx_word' id='word_1_320' title='bbox 762 2757 797 2795; x_wconf 81' lang='lat'><strong>3.</strong></span> <span class='ocrx_word' id='word_1_321' title='bbox 822 2778 875 2786; x_wconf 92' lang='lat'><strong>—</strong></span> <span class='ocrx_word' id='word_1_322' title='bbox 899 2769 944 2793; x_wconf 77' lang='grc' dir='ltr'><strong>ιο</strong></span> <span class='ocrx_word' id='word_1_323' title='bbox 969 2754 1027 2793; x_wconf 74' lang='grc' dir='ltr'>ἐπὶ</span> <span class='ocrx_word' id='word_1_324' title='bbox 1046 2756 1108 2804; x_wconf 77' lang='grc' dir='ltr'><strong>τὴν</strong></span> <span class='ocrx_word' id='word_1_325' title='bbox 1128 2755 1302 2808; x_wconf 82' lang='grc' dir='ltr'>ἡμετέραν</span> 
     </span>
     <span class='ocr_line' id='line_1_44' title="bbox 266 2814 1303 2872; baseline -0.004 -14"><span class='ocrx_word' id='word_1_326' title='bbox 266 2818 510 2872; x_wconf 84' lang='grc' dir='ltr'>Ἡράκλειαν]</span> <span class='ocrx_word' id='word_1_327' title='bbox 536 2817 695 2867; x_wconf 87' lang='lat' dir='ltr'><strong>scripsi;</strong></span> <span class='ocrx_word' id='word_1_328' title='bbox 725 2815 838 2854; x_wconf 88' lang='lat' dir='ltr'><strong>codd.</strong></span> <span class='ocrx_word' id='word_1_329' title='bbox 862 2814 917 2853; x_wconf 83' lang='grc' dir='ltr'>ἐπὶ</span> <span class='ocrx_word' id='word_1_330' title='bbox 938 2815 976 2854; x_wconf 83' lang='grc' dir='ltr'><strong>τὸ</strong></span> <span class='ocrx_word' id='word_1_331' title='bbox 998 2814 1166 2867; x_wconf 76' lang='grc' dir='ltr'>ἡμέτερον</span> <span class='ocrx_word' id='word_1_332' title='bbox 1187 2814 1303 2868; x_wconf 90' lang='grc' dir='ltr'>Ἡρά-</span> 
     </span>
     <span class='ocr_line' id='line_1_45' title="bbox 267 2873 1304 2923; baseline -0.004 -7"><span class='ocrx_word' id='word_1_333' title='bbox 267 2880 394 2917; x_wconf 84' lang='grc' dir='ltr'>κλειον.</span> <span class='ocrx_word' id='word_1_334' title='bbox 413 2876 480 2914; x_wconf 89' lang='lat' dir='ltr'><strong>Est</strong></span> <span class='ocrx_word' id='word_1_335' title='bbox 500 2883 626 2912; x_wconf 83' lang='lat' dir='ltr'><strong>autem</strong></span> <span class='ocrx_word' id='word_1_336' title='bbox 645 2873 896 2923; x_wconf 88' lang='lat' dir='ltr'><strong>intelligenda</strong></span> <span class='ocrx_word' id='word_1_337' title='bbox 919 2873 1013 2911; x_wconf 88' lang='lat' dir='ltr'><strong>urbs</strong></span> <span class='ocrx_word' id='word_1_338' title='bbox 1027 2873 1095 2910; x_wconf 88' lang='lat' dir='ltr'><strong>illa</strong></span> <span class='ocrx_word' id='word_1_339' title='bbox 1111 2873 1304 2913; x_wconf 90' lang='lat' dir='ltr'><strong>Phthioti-</strong></span> 
     </span>
     <span class='ocr_line' id='line_1_46' title="bbox 268 2932 1303 2986; baseline -0.005 -11"><span class='ocrx_word' id='word_1_340' title='bbox 268 2937 328 2975; x_wconf 88' lang='lat' dir='ltr'><strong>dis</strong></span> <span class='ocrx_word' id='word_1_341' title='bbox 348 2948 470 2986; x_wconf 90' lang='lat' dir='ltr'><strong>prope</strong></span> <span class='ocrx_word' id='word_1_342' title='bbox 489 2933 615 2972; x_wconf 87' lang='lat' dir='ltr'><strong>sinum</strong></span> <span class='ocrx_word' id='word_1_343' title='bbox 638 2932 839 2970; x_wconf 88' lang='lat' dir='ltr'><strong>Maliacum</strong></span> <span class='ocrx_word' id='word_1_344' title='bbox 865 2941 902 2969; x_wconf 89' lang='lat' dir='ltr'><strong>et</strong></span> <span class='ocrx_word' id='word_1_345' title='bbox 920 2932 1203 2984; x_wconf 74' lang='lat' dir='ltr'><strong>Thermopylas</strong></span> <span class='ocrx_word' id='word_1_346' title='bbox 1221 2933 1303 2979; x_wconf 89' lang='lat' dir='ltr'><strong>sita,</strong></span> 
     </span>
     <span class='ocr_line' id='line_1_47' title="bbox 271 2990 1303 3046; baseline -0.004 -13"><span class='ocrx_word' id='word_1_347' title='bbox 271 3008 358 3046; x_wconf 85' lang='lat' dir='ltr'><strong>quae</strong></span> <span class='ocrx_word' id='word_1_348' title='bbox 377 2992 574 3044; x_wconf 82' lang='grc' dir='ltr'>Ἡράκλεια</span> <span class='ocrx_word' id='word_1_349' title='bbox 601 2990 797 3033; x_wconf 84' lang='grc' dir='ltr'>Φθιώτιδος</span> <span class='ocrx_word' id='word_1_350' title='bbox 818 2990 879 3027; x_wconf 84' lang='lat' dir='ltr'><strong>vel</strong></span> <span class='ocrx_word' id='word_1_351' title='bbox 906 2992 926 3035; x_wconf 81' lang='grc' dir='ltr'>ἡ</span> <span class='ocrx_word' id='word_1_352' title='bbox 948 2990 982 3026; x_wconf 82' lang='grc' dir='ltr'><strong>ἐν</strong></span> <span class='ocrx_word' id='word_1_353' title='bbox 1002 2991 1152 3041; x_wconf 86' lang='grc' dir='ltr'>Τραχῖνι</span> <span class='ocrx_word' id='word_1_354' title='bbox 1170 2992 1303 3029; x_wconf 90' lang='lat' dir='ltr'><strong>vocari</strong></span> 
     </span>
     <span class='ocr_line' id='line_1_48' title="bbox 269 3048 1302 3100; baseline -0.004 -9"><span class='ocrx_word' id='word_1_355' title='bbox 269 3054 376 3091; x_wconf 90' lang='lat' dir='ltr'><strong>solet.</strong></span> <span class='ocrx_word' id='word_1_356' title='bbox 392 3051 449 3091; x_wconf 89' lang='lat' dir='ltr'><strong>Cf.</strong></span> <span class='ocrx_word' id='word_1_357' title='bbox 469 3050 644 3100; x_wconf 86' lang='lat' dir='ltr'><strong>Thucyd.</strong></span> <span class='ocrx_word' id='word_1_358' title='bbox 663 3049 794 3098; x_wconf 79' lang='lat'><strong>111,92</strong></span> <span class='ocrx_word' id='word_1_359' title='bbox 811 3048 874 3096; x_wconf 87' lang='lat' dir='ltr'><strong>IV,</strong></span> <span class='ocrx_word' id='word_1_360' title='bbox 892 3049 962 3097; x_wconf 81' lang='lat'><strong>783</strong></span> <span class='ocrx_word' id='word_1_361' title='bbox 983 3048 1121 3086; x_wconf 76' lang='lat' dir='ltr'><strong>Strabo</strong></span> <span class='ocrx_word' id='word_1_362' title='bbox 1141 3048 1157 3085; x_wconf 94' lang='lat'><em>1</em></span> <span class='ocrx_word' id='word_1_363' title='bbox 1174 3063 1211 3099; x_wconf 88' lang='lat' dir='ltr'><strong>p.</strong></span> <span class='ocrx_word' id='word_1_364' title='bbox 1230 3051 1302 3097; x_wconf 80' lang='lat'><strong>603</strong></span> 
     </span>
     <span class='ocr_line' id='line_1_49' title="bbox 271 3107 1302 3158; baseline -0.004 -8"><span class='ocrx_word' id='word_1_365' title='bbox 271 3112 434 3150; x_wconf 90' lang='lat' dir='ltr'><strong>Ptolem.</strong></span> <span class='ocrx_word' id='word_1_366' title='bbox 458 3109 530 3156; x_wconf 91' lang='grc' dir='ltr'>ΙΙΙ,</span> <span class='ocrx_word' id='word_1_367' title='bbox 562 3109 606 3146; x_wconf 84' lang='lat'><strong>13</strong></span> <span class='ocrx_word' id='word_1_368' title='bbox 621 3137 631 3155; x_wconf 92' lang='lat'><strong>,</strong></span> <span class='ocrx_word' id='word_1_369' title='bbox 669 3109 742 3155; x_wconf 81' lang='lat'><strong>463</strong></span> <span class='ocrx_word' id='word_1_370' title='bbox 766 3108 1002 3158; x_wconf 87' lang='lat' dir='ltr'><strong>Hermippus</strong></span> <span class='ocrx_word' id='word_1_371' title='bbox 1037 3107 1139 3157; x_wconf 90' lang='lat' dir='ltr'><strong>apud</strong></span> <span class='ocrx_word' id='word_1_372' title='bbox 1162 3108 1302 3149; x_wconf 82' lang='lat' dir='ltr'><strong>Athen.</strong></span> 
     </span>
     <span class='ocr_line' id='line_1_50' title="bbox 270 3165 1305 3222; baseline -0.006 -12"><span class='ocrx_word' id='word_1_373' title='bbox 270 3171 322 3210; x_wconf 88' lang='lat' dir='ltr'><strong>XI</strong></span> <span class='ocrx_word' id='word_1_374' title='bbox 335 3185 375 3222; x_wconf 92' lang='lat' dir='ltr'><strong>p.</strong></span> <span class='ocrx_word' id='word_1_375' title='bbox 397 3171 482 3213; x_wconf 73' lang='lat'><strong>461.</strong></span> <span class='ocrx_word' id='word_1_376' title='bbox 505 3181 539 3207; x_wconf 91' lang='lat' dir='ltr'><strong>e.</strong></span> <span class='ocrx_word' id='word_1_377' title='bbox 561 3167 749 3205; x_wconf 78' lang='lat' dir='ltr'><strong>Caeterum</strong></span> <span class='ocrx_word' id='word_1_378' title='bbox 768 3165 942 3218; x_wconf 70' lang='grc' dir='ltr'>ἡμετέραν</span> <span class='ocrx_word' id='word_1_379' title='bbox 963 3166 1078 3214; x_wconf 82' lang='lat' dir='ltr'><strong>dicit,</strong></span> <span class='ocrx_word' id='word_1_380' title='bbox 1095 3167 1186 3215; x_wconf 86' lang='lat' dir='ltr'><strong>quia</strong></span> <span class='ocrx_word' id='word_1_381' title='bbox 1202 3166 1305 3204; x_wconf 85' lang='lat' dir='ltr'><strong>Grae-</strong></span> 
     </span>
     <span class='ocr_line' id='line_1_51' title="bbox 272 3223 1305 3269; baseline -0.006 0"><span class='ocrx_word' id='word_1_382' title='bbox 272 3242 405 3269; x_wconf 89' lang='lat' dir='ltr'><strong>corum</strong></span> <span class='ocrx_word' id='word_1_383' title='bbox 426 3236 506 3266; x_wconf 89' lang='lat' dir='ltr'><strong>erat</strong></span> <span class='ocrx_word' id='word_1_384' title='bbox 522 3227 675 3265; x_wconf 89' lang='lat' dir='ltr'><strong>colonia</strong></span> <span class='ocrx_word' id='word_1_385' title='bbox 693 3239 715 3263; x_wconf 90' lang='lat' dir='ltr'><strong>a</strong></span> <span class='ocrx_word' id='word_1_386' title='bbox 747 3224 1050 3263; x_wconf 81' lang='lat' dir='ltr'><strong>Lacedaemoniis</strong></span> <span class='ocrx_word' id='word_1_387' title='bbox 1083 3223 1139 3261; x_wconf 92' lang='lat' dir='ltr'><strong>ibi</strong></span> <span class='ocrx_word' id='word_1_388' title='bbox 1161 3226 1305 3263; x_wconf 87' lang='lat' dir='ltr'><strong>consti-</strong></span> 
     </span>
     <span class='ocr_line' id='line_1_52' title="bbox 272 3281 1306 3336; baseline -0.007 -9"><span class='ocrx_word' id='word_1_389' title='bbox 272 3298 365 3328; x_wconf 84' lang='lat' dir='ltr'><strong>tuta.</strong></span> <span class='ocrx_word' id='word_1_390' title='bbox 387 3309 440 3317; x_wconf 97' lang='lat'><strong>—</strong></span> <span class='ocrx_word' id='word_1_391' title='bbox 464 3301 505 3324; x_wconf 89' lang='lat'><strong>11</strong></span> <span class='ocrx_word' id='word_1_392' title='bbox 531 3284 757 3336; x_wconf 81' lang='grc' dir='ltr'>Ἀλεξάνδρου</span> <span class='ocrx_word' id='word_1_393' title='bbox 778 3283 813 3322; x_wconf 82' lang='grc' dir='ltr'><strong>δὲ</strong></span> <span class='ocrx_word' id='word_1_394' title='bbox 832 3286 891 3321; x_wconf 80' lang='grc' dir='ltr'><strong>τοῦ</strong></span> <span class='ocrx_word' id='word_1_395' title='bbox 907 3282 1073 3333; x_wconf 80' lang='grc' dir='ltr'>Ἀμύντου</span> <span class='ocrx_word' id='word_1_396' title='bbox 1088 3281 1150 3328; x_wconf 88' lang='grc' dir='ltr'><strong>τὴν</strong></span> <span class='ocrx_word' id='word_1_397' title='bbox 1171 3284 1306 3321; x_wconf 85' lang='grc' dir='ltr'>Θεττα-</span> 
     </span>
     <span class='ocr_line' id='line_1_53' title="bbox 272 3338 1306 3398; baseline -0.009 -12"><span class='ocrx_word' id='word_1_398' title='bbox 272 3349 342 3386; x_wconf 87' lang='grc' dir='ltr'><strong>λῶν</strong></span> <span class='ocrx_word' id='word_1_399' title='bbox 362 3342 572 3398; x_wconf 86' lang='grc' dir='ltr'>προδοσίαν]</span> <span class='ocrx_word' id='word_1_400' title='bbox 608 3343 772 3394; x_wconf 83' lang='lat' dir='ltr'><strong>scripsi;</strong></span> <span class='ocrx_word' id='word_1_401' title='bbox 797 3341 909 3380; x_wconf 91' lang='lat' dir='ltr'><strong>codd.</strong></span> <span class='ocrx_word' id='word_1_402' title='bbox 932 3338 1159 3392; x_wconf 79' lang='grc' dir='ltr'>Ἀλεξάνδρου</span> <span class='ocrx_word' id='word_1_403' title='bbox 1183 3339 1217 3378; x_wconf 80' lang='grc' dir='ltr'><strong>δὲ</strong></span> <span class='ocrx_word' id='word_1_404' title='bbox 1246 3341 1306 3387; x_wconf 77' lang='grc' dir='ltr'><strong>τὴν</strong></span> 
     </span>
     <span class='ocr_line' id='line_1_54' title="bbox 274 3399 1303 3453; baseline -0.008 -9"><span class='ocrx_word' id='word_1_405' title='bbox 274 3405 389 3444; x_wconf 80' lang='grc' dir='ltr'>Ἀλέου</span> <span class='ocrx_word' id='word_1_406' title='bbox 414 3403 472 3441; x_wconf 77' lang='grc' dir='ltr'><strong>καὶ</strong></span> <span class='ocrx_word' id='word_1_407' title='bbox 496 3403 684 3443; x_wconf 82' lang='grc' dir='ltr'>Θετταλῶν</span> <span class='ocrx_word' id='word_1_408' title='bbox 717 3399 917 3453; x_wconf 86' lang='grc' dir='ltr'>προδοσίαν.</span> <span class='ocrx_word' id='word_1_409' title='bbox 940 3399 1029 3439; x_wconf 89' lang='lat' dir='ltr'><strong>Vid.</strong></span> <span class='ocrx_word' id='word_1_410' title='bbox 1055 3399 1197 3437; x_wconf 88' lang='lat' dir='ltr'><strong>Herod.</strong></span> <span class='ocrx_word' id='word_1_411' title='bbox 1220 3399 1303 3447; x_wconf 89' lang='lat' dir='ltr'><strong>Vll,</strong></span> 
     </span>
     <span class='ocr_line' id='line_1_55' title="bbox 280 3457 1298 3514; baseline -0.008 -12"><span class='ocrx_word' id='word_1_412' title='bbox 280 3478 351 3512; x_wconf 85' lang='lat'><strong>172</strong></span> <span class='ocrx_word' id='word_1_413' title='bbox 373 3476 449 3514; x_wconf 90' lang='lat' dir='ltr'><strong>seq.</strong></span> <span class='ocrx_word' id='word_1_414' title='bbox 465 3484 517 3493; x_wconf 98' lang='lat'><strong>—</strong></span> <span class='ocrx_word' id='word_1_415' title='bbox 541 3476 585 3500; x_wconf 85' lang='lat'><strong>12</strong></span> <span class='ocrx_word' id='word_1_416' title='bbox 619 3460 838 3511; x_wconf 84' lang='grc' dir='ltr'>Δαμάστην]</span> <span class='ocrx_word' id='word_1_417' title='bbox 872 3459 1056 3507; x_wconf 87' lang='lat' dir='ltr'><strong>intelligit</strong></span> <span class='ocrx_word' id='word_1_418' title='bbox 1078 3457 1298 3504; x_wconf 86' lang='lat' dir='ltr'><strong>Damasten‚</strong></span> 
     </span>
    </p>
   </div>
   <div class='ocr_carea' id='block_1_5' title="bbox 1361 351 2412 2158">
    <p class='ocr_par' dir='ltr' id='par_1_5' title="bbox 1361 351 2412 2158">
     <span class='ocr_line' id='line_1_56' title="bbox 1365 351 2399 405; baseline 0.003 -13"><span class='ocrx_word' id='word_1_419' title='bbox 1365 352 1552 405; x_wconf 88' lang='lat' dir='ltr'><strong>Dioxippi</strong></span> <span class='ocrx_word' id='word_1_420' title='bbox 1575 352 1714 400; x_wconf 82' lang='lat' dir='ltr'><strong>filium,</strong></span> <span class='ocrx_word' id='word_1_421' title='bbox 1736 351 1977 401; x_wconf 86' lang='lat' dir='ltr'><strong>historicum,</strong></span> <span class='ocrx_word' id='word_1_422' title='bbox 1993 363 2243 393; x_wconf 86' lang='lat' dir='ltr'><strong>memoratum</strong></span> <span class='ocrx_word' id='word_1_423' title='bbox 2264 368 2285 394; x_wconf 90' lang='lat' dir='ltr'><strong>a</strong></span> <span class='ocrx_word' id='word_1_424' title='bbox 2304 356 2399 396; x_wconf 85' lang='lat' dir='ltr'><strong>Dio-</strong></span> 
     </span>
     <span class='ocr_line' id='line_1_57' title="bbox 1365 411 2399 464; baseline 0.003 -13"><span class='ocrx_word' id='word_1_425' title='bbox 1365 414 1478 464; x_wconf 80' lang='lat' dir='ltr'><strong>nysio</strong></span> <span class='ocrx_word' id='word_1_426' title='bbox 1500 412 1829 450; x_wconf 84' lang='lat' dir='ltr'><strong>Halicarnassensi</strong></span> <span class='ocrx_word' id='word_1_427' title='bbox 1854 411 1902 450; x_wconf 92' lang='lat' dir='ltr'><strong>de</strong></span> <span class='ocrx_word' id='word_1_428' title='bbox 1917 411 2160 463; x_wconf 85' lang='lat' dir='ltr'><strong>Thucydidis</strong></span> <span class='ocrx_word' id='word_1_429' title='bbox 2178 414 2399 454; x_wconf 75' lang='lat' dir='ltr'><strong>charactere</strong></span> 
     </span>
     <span class='ocr_line' id='line_1_58' title="bbox 1364 469 2412 522; baseline 0.004 -14"><span class='ocrx_word' id='word_1_430' title='bbox 1364 470 1453 510; x_wconf 89' lang='lat' dir='ltr'><strong>Vol.</strong></span> <span class='ocrx_word' id='word_1_431' title='bbox 1485 470 1538 508; x_wconf 88' lang='lat' dir='ltr'><strong>vl</strong></span> <span class='ocrx_word' id='word_1_432' title='bbox 1568 483 1658 522; x_wconf 85' lang='lat' dir='ltr'><strong>pag.</strong></span> <span class='ocrx_word' id='word_1_433' title='bbox 1689 470 1764 508; x_wconf 89' lang='lat'><strong>818</strong></span> <span class='ocrx_word' id='word_1_434' title='bbox 1785 469 1847 508; x_wconf 87' lang='lat' dir='ltr'><strong>ed.</strong></span> <span class='ocrx_word' id='word_1_435' title='bbox 1872 469 2005 512; x_wconf 85' lang='lat' dir='ltr'><strong>Reisk.</strong></span> <span class='ocrx_word' id='word_1_436' title='bbox 2026 471 2234 511; x_wconf 82' lang='lat' dir='ltr'><strong>Plutarcho</strong></span> <span class='ocrx_word' id='word_1_437' title='bbox 2257 473 2300 512; x_wconf 82' lang='lat' dir='ltr'><strong>in</strong></span> <span class='ocrx_word' id='word_1_438' title='bbox 2316 474 2412 514; x_wconf 41' lang='lat' dir='ltr'><strong>vita*</strong></span> 
     </span>
     <span class='ocr_line' id='line_1_59' title="bbox 1365 528 2397 582; baseline 0.004 -14"><span class='ocrx_word' id='word_1_439' title='bbox 1365 529 1535 577; x_wconf 84' lang='lat' dir='ltr'><strong>Camilli,</strong></span> <span class='ocrx_word' id='word_1_440' title='bbox 1551 529 1705 567; x_wconf 89' lang='lat' dir='ltr'><strong>Valerio</strong></span> <span class='ocrx_word' id='word_1_441' title='bbox 1721 528 1888 567; x_wconf 83' lang='lat' dir='ltr'><strong>Maximo</strong></span> <span class='ocrx_word' id='word_1_442' title='bbox 1907 528 1980 569; x_wconf 87' lang='lat' dir='ltr'><strong>lib.</strong></span> <span class='ocrx_word' id='word_1_443' title='bbox 2003 529 2090 568; x_wconf 86' lang='lat' dir='ltr'><strong>VIll</strong></span> <span class='ocrx_word' id='word_1_444' title='bbox 2105 541 2190 582; x_wconf 88' lang='lat' dir='ltr'><strong>cap.</strong></span> <span class='ocrx_word' id='word_1_445' title='bbox 2211 531 2272 581; x_wconf 80' lang='lat'><strong>13,</strong></span> <span class='ocrx_word' id='word_1_446' title='bbox 2293 531 2397 582; x_wconf 75' lang='lat' dir='ltr'><strong>aliis,</strong></span> 
     </span>
     <span class='ocr_line' id='line_1_60' title="bbox 1365 588 2400 643; baseline 0 -16"><span class='ocrx_word' id='word_1_447' title='bbox 1365 589 1412 627; x_wconf 91' lang='lat' dir='ltr'><strong>de</strong></span> <span class='ocrx_word' id='word_1_448' title='bbox 1441 602 1519 640; x_wconf 94' lang='lat' dir='ltr'><strong>quo</strong></span> <span class='ocrx_word' id='word_1_449' title='bbox 1538 588 1675 627; x_wconf 86' lang='lat' dir='ltr'><strong>Suidas</strong></span> <span class='ocrx_word' id='word_1_450' title='bbox 1702 588 1784 627; x_wconf 86' lang='lat' dir='ltr'><strong>haec</strong></span> <span class='ocrx_word' id='word_1_451' title='bbox 1813 588 1931 627; x_wconf 86' lang='lat' dir='ltr'><strong>tradit</strong></span> <span class='ocrx_word' id='word_1_452' title='bbox 1972 602 1980 626; x_wconf 76' lang='grc' dir='ltr'>ε</span> <span class='ocrx_word' id='word_1_453' title='bbox 2010 588 2204 639; x_wconf 80' lang='grc' dir='ltr'>Δαμάστης</span> <span class='ocrx_word' id='word_1_454' title='bbox 2245 591 2400 643; x_wconf 65' lang='grc' dir='ltr'>Σιγειεὺς</span> 
     </span>
     <span class='ocr_line' id='line_1_61' title="bbox 1366 645 2399 702; baseline 0.002 -17"><span class='ocrx_word' id='word_1_455' title='bbox 1366 646 1434 686; x_wconf 87' lang='grc' dir='ltr'>ἀπὸ</span> <span class='ocrx_word' id='word_1_456' title='bbox 1457 646 1596 699; x_wconf 88' lang='grc' dir='ltr'>Σιγείου</span> <span class='ocrx_word' id='word_1_457' title='bbox 1610 676 1620 696; x_wconf 94' lang='grc'><strong>,</strong></span> <span class='ocrx_word' id='word_1_458' title='bbox 1639 649 1702 698; x_wconf 69' lang='grc' dir='ltr'><strong>γῆς</strong></span> <span class='ocrx_word' id='word_1_459' title='bbox 1729 649 1792 694; x_wconf 75' lang='grc' dir='ltr'><strong>τῆς</strong></span> <span class='ocrx_word' id='word_1_460' title='bbox 1812 646 2000 700; x_wconf 82' lang='grc' dir='ltr'>Τρωάδος,</span> <span class='ocrx_word' id='word_1_461' title='bbox 2021 645 2224 692; x_wconf 85' lang='grc' dir='ltr'>Διωξίππου</span> <span class='ocrx_word' id='word_1_462' title='bbox 2247 647 2318 694; x_wconf 76' lang='grc' dir='ltr'>υἱὸς</span> <span class='ocrx_word' id='word_1_463' title='bbox 2336 664 2399 702; x_wconf 77' lang='grc' dir='ltr'><strong>γε·</strong></span> 
     </span>
     <span class='ocr_line' id='line_1_62' title="bbox 1364 705 2398 761; baseline 0.001 -16"><span class='ocrx_word' id='word_1_464' title='bbox 1364 707 1486 759; x_wconf 84' lang='grc' dir='ltr'>γονώς,</span> <span class='ocrx_word' id='word_1_465' title='bbox 1504 705 1572 758; x_wconf 86' lang='grc' dir='ltr'><strong>πρὸ</strong></span> <span class='ocrx_word' id='word_1_466' title='bbox 1584 707 1651 744; x_wconf 87' lang='grc' dir='ltr'><strong>τῶν</strong></span> <span class='ocrx_word' id='word_1_467' title='bbox 1663 706 2021 755; x_wconf 85' lang='grc' dir='ltr'>Πελοποννησιακῶν,</span> <span class='ocrx_word' id='word_1_468' title='bbox 2041 705 2229 759; x_wconf 83' lang='grc' dir='ltr'>σύγχρονος</span> <span class='ocrx_word' id='word_1_469' title='bbox 2248 705 2398 761; x_wconf 76' lang='grc' dir='ltr'>Ἡροδό-</span> 
     </span>
     <span class='ocr_line' id='line_1_63' title="bbox 1365 763 2397 818; baseline 0.002 -14"><span class='ocrx_word' id='word_1_470' title='bbox 1365 780 1447 815; x_wconf 92' lang='grc' dir='ltr'>του,</span> <span class='ocrx_word' id='word_1_471' title='bbox 1468 767 1535 804; x_wconf 86' lang='grc' dir='ltr'><strong>τῶν</strong></span> <span class='ocrx_word' id='word_1_472' title='bbox 1562 763 1785 804; x_wconf 88' lang='grc' dir='ltr'>παλαιτάτων</span> <span class='ocrx_word' id='word_1_473' title='bbox 1805 763 1987 816; x_wconf 76' lang='grc' dir='ltr'>ἱστορικός·</span> <span class='ocrx_word' id='word_1_474' title='bbox 2002 763 2154 818; x_wconf 84' lang='grc' dir='ltr'>γέγραφε</span> <span class='ocrx_word' id='word_1_475' title='bbox 2175 764 2255 818; x_wconf 74' lang='grc' dir='ltr'>περὶ</span> <span class='ocrx_word' id='word_1_476' title='bbox 2278 765 2346 804; x_wconf 71' lang='grc' dir='ltr'><strong>τῶν</strong></span> <span class='ocrx_word' id='word_1_477' title='bbox 2363 767 2397 806; x_wconf 76' lang='grc' dir='ltr'><strong>ἕν</strong></span> 
     </span>
     <span class='ocr_line' id='line_1_64' title="bbox 1365 822 2398 877; baseline -0.001 -12"><span class='ocrx_word' id='word_1_478' title='bbox 1365 824 1513 865; x_wconf 78' lang='grc' dir='ltr'>Ἑλλάδι</span> <span class='ocrx_word' id='word_1_479' title='bbox 1542 823 1734 876; x_wconf 81' lang='grc' dir='ltr'>γενομένων</span> <span class='ocrx_word' id='word_1_480' title='bbox 1762 823 1842 877; x_wconf 77' lang='grc' dir='ltr'>περὶ</span> <span class='ocrx_word' id='word_1_481' title='bbox 1861 822 1987 876; x_wconf 83' lang='grc' dir='ltr'>γονέων</span> <span class='ocrx_word' id='word_1_482' title='bbox 2016 823 2076 862; x_wconf 84' lang='grc' dir='ltr'><strong>καὶ</strong></span> <span class='ocrx_word' id='word_1_483' title='bbox 2101 823 2295 877; x_wconf 64' lang='grc' dir='ltr'>προγόνων,</span> <span class='ocrx_word' id='word_1_484' title='bbox 2327 826 2398 864; x_wconf 82' lang='grc' dir='ltr'><strong>τῶν</strong></span> 
     </span>
     <span class='ocr_line' id='line_1_65' title="bbox 1365 881 2400 935; baseline 0.002 -13"><span class='ocrx_word' id='word_1_485' title='bbox 1365 885 1411 929; x_wconf 89' lang='grc' dir='ltr'><strong>εἷς</strong></span> <span class='ocrx_word' id='word_1_486' title='bbox 1428 882 1537 922; x_wconf 86' lang='grc' dir='ltr'>Ἴλιον</span> <span class='ocrx_word' id='word_1_487' title='bbox 1553 882 1861 935; x_wconf 85' lang='grc' dir='ltr'>στρατευσαμένων</span> <span class='ocrx_word' id='word_1_488' title='bbox 1883 881 2001 934; x_wconf 77' lang='grc' dir='ltr'>βιὸλία</span> <span class='ocrx_word' id='word_1_489' title='bbox 2019 881 2079 922; x_wconf 82' lang='grc' dir='ltr'><strong>δύο</strong></span> <span class='ocrx_word' id='word_1_490' title='bbox 2092 912 2103 933; x_wconf 92' lang='grc'><strong>,</strong></span> <span class='ocrx_word' id='word_1_491' title='bbox 2127 883 2230 923; x_wconf 85' lang='grc' dir='ltr'>ἐθνῶν</span> <span class='ocrx_word' id='word_1_492' title='bbox 2251 882 2400 924; x_wconf 75' lang='grc' dir='ltr'>κατάλο·</span> 
     </span>
     <span class='ocr_line' id='line_1_66' title="bbox 1364 941 2401 996; baseline 0.001 -15"><span class='ocrx_word' id='word_1_493' title='bbox 1364 958 1422 995; x_wconf 92' lang='grc' dir='ltr'><strong>γον</strong></span> <span class='ocrx_word' id='word_1_494' title='bbox 1459 941 1518 981; x_wconf 81' lang='grc' dir='ltr'><strong>καὶ</strong></span> <span class='ocrx_word' id='word_1_495' title='bbox 1544 941 1700 992; x_wconf 86' lang='grc' dir='ltr'>πόλεων,</span> <span class='ocrx_word' id='word_1_496' title='bbox 1722 941 1801 994; x_wconf 76' lang='grc' dir='ltr'>περὶ</span> <span class='ocrx_word' id='word_1_497' title='bbox 1837 943 1991 988; x_wconf 83' lang='grc' dir='ltr'>ποιητῶν</span> <span class='ocrx_word' id='word_1_498' title='bbox 2021 942 2081 980; x_wconf 75' lang='grc' dir='ltr'><strong>καὶ</strong></span> <span class='ocrx_word' id='word_1_499' title='bbox 2121 944 2312 996; x_wconf 76' lang='grc' dir='ltr'>σοφιστῶν,</span> <span class='ocrx_word' id='word_1_500' title='bbox 2339 942 2401 982; x_wconf 80' lang='grc' dir='ltr'><strong>καὶ</strong></span> 
     </span>
     <span class='ocr_line' id='line_1_67' title="bbox 1365 998 2402 1053; baseline 0 -13"><span class='ocrx_word' id='word_1_501' title='bbox 1365 1001 1455 1040; x_wconf 85' lang='grc' dir='ltr'>ἄλλα</span> <span class='ocrx_word' id='word_1_502' title='bbox 1475 999 1600 1053; x_wconf 84' lang='grc' dir='ltr'>συχνά·</span> <span class='ocrx_word' id='word_1_503' title='bbox 1614 999 1732 1052; x_wconf 85' lang='grc' dir='ltr'>γέγονε</span> <span class='ocrx_word' id='word_1_504' title='bbox 1746 998 1781 1038; x_wconf 81' lang='grc' dir='ltr'><strong>δὲ</strong></span> <span class='ocrx_word' id='word_1_505' title='bbox 1796 998 2002 1039; x_wconf 88' lang='grc' dir='ltr'>Ἑλλανίκου</span> <span class='ocrx_word' id='word_1_506' title='bbox 2025 999 2196 1050; x_wconf 82' lang='grc' dir='ltr'>μαθητής.</span> <span class='ocrx_word' id='word_1_507' title='bbox 2219 998 2402 1040; x_wconf 81' lang='lat' dir='ltr'><strong>Contem-</strong></span> 
     </span>
     <span class='ocr_line' id='line_1_68' title="bbox 1364 1057 2398 1109; baseline 0 -12"><span class='ocrx_word' id='word_1_508' title='bbox 1364 1060 1470 1098; x_wconf 85' lang='lat' dir='ltr'><strong>nitur</strong></span> <span class='ocrx_word' id='word_1_509' title='bbox 1488 1071 1510 1096; x_wconf 88' lang='lat' dir='ltr'><strong>a</strong></span> <span class='ocrx_word' id='word_1_510' title='bbox 1528 1058 1716 1096; x_wconf 85' lang='lat' dir='ltr'><strong>Strabone</strong></span> <span class='ocrx_word' id='word_1_511' title='bbox 1735 1058 1804 1108; x_wconf 91' lang='lat' dir='ltr'><strong>qui</strong></span> <span class='ocrx_word' id='word_1_512' title='bbox 1819 1057 2111 1096; x_wconf 87' lang='lat' dir='ltr'><strong>Eratosthenem</strong></span> <span class='ocrx_word' id='word_1_513' title='bbox 2133 1058 2398 1109; x_wconf 79' lang='lat' dir='ltr'><strong>reprehendit,</strong></span> 
     </span>
     <span class='ocr_line' id='line_1_69' title="bbox 1365 1117 2403 1169; baseline 0 -13"><span class='ocrx_word' id='word_1_514' title='bbox 1365 1118 1471 1169; x_wconf 88' lang='lat' dir='ltr'><strong>quod</strong></span> <span class='ocrx_word' id='word_1_515' title='bbox 1497 1117 1604 1156; x_wconf 89' lang='lat' dir='ltr'><strong>illius</strong></span> <span class='ocrx_word' id='word_1_516' title='bbox 1626 1126 1661 1155; x_wconf 91' lang='lat' dir='ltr'><strong>et</strong></span> <span class='ocrx_word' id='word_1_517' title='bbox 1684 1117 1869 1155; x_wconf 84' lang='lat' dir='ltr'><strong>similium</strong></span> <span class='ocrx_word' id='word_1_518' title='bbox 1902 1117 2136 1167; x_wconf 87' lang='lat' dir='ltr'><strong>scriptorum</strong></span> <span class='ocrx_word' id='word_1_519' title='bbox 2171 1117 2403 1156; x_wconf 79' lang='lat' dir='ltr'><strong>testimoniis</strong></span> 
     </span>
     <span class='ocr_line' id='line_1_70' title="bbox 1365 1172 2400 1217; baseline 0 -2"><span class='ocrx_word' id='word_1_520' title='bbox 1365 1172 1591 1215; x_wconf 81' lang='lat' dir='ltr'><strong>sententiam</strong></span> <span class='ocrx_word' id='word_1_521' title='bbox 1629 1189 1735 1214; x_wconf 88' lang='lat' dir='ltr'><strong>suam</strong></span> <span class='ocrx_word' id='word_1_522' title='bbox 1775 1176 1991 1215; x_wconf 88' lang='lat' dir='ltr'><strong>confirmet.</strong></span> <span class='ocrx_word' id='word_1_523' title='bbox 2037 1175 2242 1217; x_wconf 85' lang='lat' dir='ltr'><strong>Strabonis</strong></span> <span class='ocrx_word' id='word_1_524' title='bbox 2278 1175 2400 1215; x_wconf 80' lang='lat' dir='ltr'><strong>verba</strong></span> 
     </span>
     <span class='ocr_line' id='line_1_71' title="bbox 1365 1228 2401 1283; baseline 0.001 -11"><span class='ocrx_word' id='word_1_525' title='bbox 1365 1243 1451 1273; x_wconf 91' lang='lat' dir='ltr'><strong>sunt</strong></span> <span class='ocrx_word' id='word_1_526' title='bbox 1477 1233 1551 1274; x_wconf 86' lang='lat' dir='ltr'><strong>lib.</strong></span> <span class='ocrx_word' id='word_1_527' title='bbox 1582 1236 1600 1270; x_wconf 95' lang='lat' dir='ltr'>I</span> <span class='ocrx_word' id='word_1_528' title='bbox 1622 1246 1712 1283; x_wconf 90' lang='lat' dir='ltr'><strong>pag.</strong></span> <span class='ocrx_word' id='word_1_529' title='bbox 1751 1240 1798 1282; x_wconf 87' lang='grc'><strong>47</strong></span> <span class='ocrx_word' id='word_1_530' title='bbox 1827 1233 1887 1273; x_wconf 88' lang='lat' dir='ltr'><strong>ed.</strong></span> <span class='ocrx_word' id='word_1_531' title='bbox 1925 1232 2089 1271; x_wconf 89' lang='lat' dir='ltr'><strong>Casaub.</strong></span> <span class='ocrx_word' id='word_1_532' title='bbox 2128 1232 2204 1272; x_wconf 75' lang='grc' dir='ltr'>οὐδὲ</span> <span class='ocrx_word' id='word_1_533' title='bbox 2235 1234 2330 1272; x_wconf 74' lang='grc' dir='ltr'>τοῦτ’</span> <span class='ocrx_word' id='word_1_534' title='bbox 2363 1228 2401 1273; x_wconf 67' lang='grc' dir='ltr'><strong>εὖ</strong></span> 
     </span>
     <span class='ocr_line' id='line_1_72' title="bbox 1365 1287 2400 1344; baseline 0.002 -15"><span class='ocrx_word' id='word_1_535' title='bbox 1365 1289 1614 1344; x_wconf 84' lang='grc' dir='ltr'>Ἐρατοσθένης</span> <span class='ocrx_word' id='word_1_536' title='bbox 1627 1320 1638 1340; x_wconf 91' lang='grc'><strong>,</strong></span> <span class='ocrx_word' id='word_1_537' title='bbox 1650 1289 1703 1328; x_wconf 77' lang='grc' dir='ltr'><strong>ὅτι</strong></span> <span class='ocrx_word' id='word_1_538' title='bbox 1720 1291 1853 1343; x_wconf 86' lang='grc' dir='ltr'>ἀνδρῶν</span> <span class='ocrx_word' id='word_1_539' title='bbox 1867 1291 1930 1328; x_wconf 82' lang='grc' dir='ltr'><strong>οὔκ</strong></span> <span class='ocrx_word' id='word_1_540' title='bbox 1949 1289 2051 1335; x_wconf 85' lang='grc' dir='ltr'>ἀξίων</span> <span class='ocrx_word' id='word_1_541' title='bbox 2068 1287 2210 1340; x_wconf 79' lang='grc' dir='ltr'>μνήμης</span> <span class='ocrx_word' id='word_1_542' title='bbox 2219 1289 2278 1329; x_wconf 70' lang='grc' dir='ltr'><strong>ἰπὶ</strong></span> <span class='ocrx_word' id='word_1_543' title='bbox 2295 1290 2400 1331; x_wconf 75' lang='grc' dir='ltr'>πλέον</span> 
     </span>
     <span class='ocr_line' id='line_1_73' title="bbox 1364 1346 2401 1404; baseline 0 -16"><span class='ocrx_word' id='word_1_544' title='bbox 1364 1349 1541 1401; x_wconf 86' lang='grc' dir='ltr'>μέμνηται</span> <span class='ocrx_word' id='word_1_545' title='bbox 1553 1379 1563 1398; x_wconf 93' lang='grc'><strong>,</strong></span> <span class='ocrx_word' id='word_1_546' title='bbox 1582 1347 1627 1386; x_wconf 79' lang='grc' dir='ltr'><strong>τὰ</strong></span> <span class='ocrx_word' id='word_1_547' title='bbox 1646 1348 1707 1398; x_wconf 85' lang='grc' dir='ltr'><strong>μὲν</strong></span> <span class='ocrx_word' id='word_1_548' title='bbox 1726 1349 1879 1402; x_wconf 80' lang='grc' dir='ltr'>ἐλέγχων</span> <span class='ocrx_word' id='word_1_549' title='bbox 1903 1347 1946 1386; x_wconf 82' lang='grc' dir='ltr'><strong>τὰ</strong></span> <span class='ocrx_word' id='word_1_550' title='bbox 1964 1349 1999 1388; x_wconf 84' lang='grc' dir='ltr'><strong>δὲ</strong></span> <span class='ocrx_word' id='word_1_551' title='bbox 2029 1347 2203 1387; x_wconf 79' lang='grc' dir='ltr'>πιστεύων</span> <span class='ocrx_word' id='word_1_552' title='bbox 2225 1346 2288 1388; x_wconf 77' lang='grc' dir='ltr'><strong>καὶ</strong></span> <span class='ocrx_word' id='word_1_553' title='bbox 2306 1347 2401 1404; x_wconf 72' lang='grc' dir='ltr'>μάρ-</span> 
     </span>
     <span class='ocr_line' id='line_1_74' title="bbox 1365 1400 2403 1460; baseline 0.001 -14"><span class='ocrx_word' id='word_1_554' title='bbox 1365 1423 1441 1446; x_wconf 86' lang='grc' dir='ltr'>τυσι</span> <span class='ocrx_word' id='word_1_555' title='bbox 1472 1406 1652 1460; x_wconf 83' lang='grc' dir='ltr'>χρώμενος</span> <span class='ocrx_word' id='word_1_556' title='bbox 1681 1408 1813 1456; x_wconf 79' lang='grc' dir='ltr'>αὐτοῖς,</span> <span class='ocrx_word' id='word_1_557' title='bbox 1844 1400 1913 1445; x_wconf 72' lang='grc' dir='ltr'>οἷον</span> <span class='ocrx_word' id='word_1_558' title='bbox 1943 1406 2118 1460; x_wconf 83' lang='grc' dir='ltr'>Δαμάστῃ</span> <span class='ocrx_word' id='word_1_559' title='bbox 2146 1405 2208 1446; x_wconf 70' lang='grc' dir='ltr'><strong>καὶ</strong></span> <span class='ocrx_word' id='word_1_560' title='bbox 2240 1406 2403 1453; x_wconf 77' lang='grc' dir='ltr'>τοιούτοις</span> 
     </span>
     <span class='ocr_line' id='line_1_75' title="bbox 1364 1465 2401 1519; baseline -0.001 -14"><span class='ocrx_word' id='word_1_561' title='bbox 1364 1466 1492 1510; x_wconf 78' lang='grc' dir='ltr'>ἄλλοις.</span> <span class='ocrx_word' id='word_1_562' title='bbox 1512 1482 1548 1505; x_wconf 87' lang='grc' dir='ltr'><strong>κ.</strong></span> <span class='ocrx_word' id='word_1_563' title='bbox 1567 1480 1602 1504; x_wconf 89' lang='grc' dir='ltr'><strong>τ.</strong></span> <span class='ocrx_word' id='word_1_564' title='bbox 1621 1468 1655 1504; x_wconf 88' lang='grc' dir='ltr'><strong>λ.</strong></span> <span class='ocrx_word' id='word_1_565' title='bbox 1676 1487 1728 1495; x_wconf 92' lang='lat'><strong>—-</strong></span> <span class='ocrx_word' id='word_1_566' title='bbox 1755 1465 1797 1502; x_wconf 83' lang='lat'><strong>13</strong></span> <span class='ocrx_word' id='word_1_567' title='bbox 1833 1466 1873 1503; x_wconf 81' lang='grc' dir='ltr'><strong>ἐκ</strong></span> <span class='ocrx_word' id='word_1_568' title='bbox 1900 1467 1960 1503; x_wconf 81' lang='grc' dir='ltr'><strong>τοῦ</strong></span> <span class='ocrx_word' id='word_1_569' title='bbox 1997 1469 2065 1504; x_wconf 83' lang='grc' dir='ltr'><strong>τῶν</strong></span> <span class='ocrx_word' id='word_1_570' title='bbox 2088 1467 2266 1519; x_wconf 84' lang='grc' dir='ltr'>προγόνων</span> <span class='ocrx_word' id='word_1_571' title='bbox 2289 1466 2401 1518; x_wconf 76' lang='grc' dir='ltr'>ἔγκω-</span> 
     </span>
     <span class='ocr_line' id='line_1_76' title="bbox 1366 1523 2398 1578; baseline 0 -14"><span class='ocrx_word' id='word_1_572' title='bbox 1366 1525 1445 1576; x_wconf 90' lang='grc' dir='ltr'>μίου</span> <span class='ocrx_word' id='word_1_573' title='bbox 1469 1524 1583 1568; x_wconf 85' lang='grc' dir='ltr'>εὔνους</span> <span class='ocrx_word' id='word_1_574' title='bbox 1617 1525 1686 1562; x_wconf 85' lang='grc' dir='ltr'>δεῖν</span> <span class='ocrx_word' id='word_1_575' title='bbox 1721 1526 1867 1571; x_wconf 80' lang='grc' dir='ltr'>ποιῆσαι</span> <span class='ocrx_word' id='word_1_576' title='bbox 1899 1523 1977 1568; x_wconf 83' lang='grc' dir='ltr'>τοὺς</span> <span class='ocrx_word' id='word_1_577' title='bbox 2010 1523 2207 1577; x_wconf 75' lang='grc' dir='ltr'>ἀκροατάς]</span> <span class='ocrx_word' id='word_1_578' title='bbox 2234 1524 2398 1578; x_wconf 75' lang='lat' dir='ltr'><strong>scripsi;</strong></span> 
     </span>
     <span class='ocr_line' id='line_1_77' title="bbox 1363 1581 2401 1637; baseline 0 -15"><span class='ocrx_word' id='word_1_579' title='bbox 1363 1584 1472 1622; x_wconf 89' lang='lat' dir='ltr'><strong>codd.</strong></span> <span class='ocrx_word' id='word_1_580' title='bbox 1504 1585 1543 1622; x_wconf 81' lang='grc' dir='ltr'><strong>ἐκ</strong></span> <span class='ocrx_word' id='word_1_581' title='bbox 1575 1585 1636 1630; x_wconf 77' lang='grc' dir='ltr'><strong>τῆς</strong></span> <span class='ocrx_word' id='word_1_582' title='bbox 1657 1598 1793 1637; x_wconf 89' lang='grc' dir='ltr'>προγ...</span> <span class='ocrx_word' id='word_1_583' title='bbox 1815 1581 1930 1626; x_wconf 85' lang='grc' dir='ltr'>εὔνους</span> <span class='ocrx_word' id='word_1_584' title='bbox 1950 1583 2019 1621; x_wconf 87' lang='grc' dir='ltr'>δεῖν</span> <span class='ocrx_word' id='word_1_585' title='bbox 2048 1582 2228 1635; x_wconf 82' lang='grc' dir='ltr'>προσεῖναι</span> <span class='ocrx_word' id='word_1_586' title='bbox 2253 1582 2333 1628; x_wconf 77' lang='grc' dir='ltr'>τοὺς</span> <span class='ocrx_word' id='word_1_587' title='bbox 2353 1585 2401 1622; x_wconf 73' lang='grc' dir='ltr'><strong>ὀ-</strong></span> 
     </span>
     <span class='ocr_line' id='line_1_78' title="bbox 1362 1640 2404 1694; baseline 0.001 -14"><span class='ocrx_word' id='word_1_588' title='bbox 1362 1643 1523 1694; x_wconf 84' lang='grc' dir='ltr'>κροατάς.</span> <span class='ocrx_word' id='word_1_589' title='bbox 1535 1664 1586 1672; x_wconf 90' lang='grc'>-</span> <span class='ocrx_word' id='word_1_590' title='bbox 1606 1648 1649 1687; x_wconf 76' lang='grc'><strong>14</strong></span> <span class='ocrx_word' id='word_1_591' title='bbox 1674 1642 1733 1688; x_wconf 80' lang='grc' dir='ltr'><strong>τὴν</strong></span> <span class='ocrx_word' id='word_1_592' title='bbox 1749 1643 1783 1680; x_wconf 82' lang='grc' dir='ltr'><strong>ἐν</strong></span> <span class='ocrx_word' id='word_1_593' title='bbox 1796 1642 1994 1685; x_wconf 88' lang='grc' dir='ltr'>Πλαταιαῖς</span> <span class='ocrx_word' id='word_1_594' title='bbox 2017 1640 2076 1679; x_wconf 73' lang='grc' dir='ltr'>ἐπὶ</span> <span class='ocrx_word' id='word_1_595' title='bbox 2093 1641 2290 1693; x_wconf 83' lang='grc' dir='ltr'>Μαρδονίου</span> <span class='ocrx_word' id='word_1_596' title='bbox 2305 1657 2404 1694; x_wconf 77' lang='grc' dir='ltr'>γεγε-</span> 
     </span>
     <span class='ocr_line' id='line_1_79' title="bbox 1361 1698 2401 1754; baseline 0 -15"><span class='ocrx_word' id='word_1_597' title='bbox 1361 1700 1539 1754; x_wconf 85' lang='grc' dir='ltr'>νημένην]</span> <span class='ocrx_word' id='word_1_598' title='bbox 1557 1701 1643 1741; x_wconf 91' lang='lat' dir='ltr'><strong>Vid.</strong></span> <span class='ocrx_word' id='word_1_599' title='bbox 1670 1700 1853 1738; x_wconf 85' lang='lat' dir='ltr'><strong>Herodot.</strong></span> <span class='ocrx_word' id='word_1_600' title='bbox 1878 1699 1947 1750; x_wconf 83' lang='lat' dir='ltr'><strong>lx,</strong></span> <span class='ocrx_word' id='word_1_601' title='bbox 1971 1705 2034 1744; x_wconf 88' lang='grc'><strong>44.</strong></span> <span class='ocrx_word' id='word_1_602' title='bbox 2055 1721 2109 1728; x_wconf 93' lang='grc'><strong>-</strong></span> <span class='ocrx_word' id='word_1_603' title='bbox 2132 1699 2177 1737; x_wconf 81' lang='lat'><strong>15</strong></span> <span class='ocrx_word' id='word_1_604' title='bbox 2199 1698 2296 1754; x_wconf 72' lang='grc' dir='ltr'>περὶ]</span> <span class='ocrx_word' id='word_1_605' title='bbox 2317 1713 2401 1739; x_wconf 82' lang='lat' dir='ltr'><strong>cor·</strong></span> 
     </span>
     <span class='ocr_line' id='line_1_80' title="bbox 1363 1757 2399 1812; baseline -0.001 -13"><span class='ocrx_word' id='word_1_606' title='bbox 1363 1762 1464 1799; x_wconf 89' lang='lat' dir='ltr'><strong>rexit</strong></span> <span class='ocrx_word' id='word_1_607' title='bbox 1489 1760 1677 1807; x_wconf 89' lang='lat' dir='ltr'><strong>Allatius;</strong></span> <span class='ocrx_word' id='word_1_608' title='bbox 1700 1758 1813 1797; x_wconf 89' lang='lat' dir='ltr'><strong>codd.</strong></span> <span class='ocrx_word' id='word_1_609' title='bbox 1847 1758 1958 1810; x_wconf 83' lang='grc' dir='ltr'>παρά.</span> <span class='ocrx_word' id='word_1_610' title='bbox 1989 1778 2044 1788; x_wconf 89' lang='grc'>-</span> <span class='ocrx_word' id='word_1_611' title='bbox 2067 1759 2113 1796; x_wconf 83' lang='lat'><strong>16</strong></span> <span class='ocrx_word' id='word_1_612' title='bbox 2133 1757 2178 1796; x_wconf 79' lang='grc' dir='ltr'><strong>τὰ</strong></span> <span class='ocrx_word' id='word_1_613' title='bbox 2202 1757 2399 1812; x_wconf 62' lang='grc' dir='ltr'>παλαίτεροι</span> 
     </span>
     <span class='ocr_line' id='line_1_81' title="bbox 1364 1813 2400 1871; baseline -0.002 -14"><span class='ocrx_word' id='word_1_614' title='bbox 1364 1818 1616 1871; x_wconf 78' lang='grc' dir='ltr'>διαλεχθῆναι]</span> <span class='ocrx_word' id='word_1_615' title='bbox 1652 1818 1785 1869; x_wconf 92' lang='lat' dir='ltr'><strong>posui;</strong></span> <span class='ocrx_word' id='word_1_616' title='bbox 1823 1816 2057 1854; x_wconf 84' lang='lat' dir='ltr'><strong>membranae</strong></span> <span class='ocrx_word' id='word_1_617' title='bbox 2084 1815 2130 1854; x_wconf 80' lang='grc' dir='ltr'><strong>τὰ</strong></span> <span class='ocrx_word' id='word_1_618' title='bbox 2161 1813 2298 1854; x_wconf 80' lang='grc' dir='ltr'>παλαιὰ</span> <span class='ocrx_word' id='word_1_619' title='bbox 2321 1817 2400 1855; x_wconf 85' lang='grc' dir='ltr'>δια-</span> 
     </span>
     <span class='ocr_line' id='line_1_82' title="bbox 1363 1874 2403 1931; baseline -0.005 -14"><span class='ocrx_word' id='word_1_620' title='bbox 1363 1879 1541 1931; x_wconf 76' lang='grc' dir='ltr'>λεχθῆναι.</span> <span class='ocrx_word' id='word_1_621' title='bbox 1573 1899 1625 1907; x_wconf 90' lang='grc'><strong>-</strong></span> <span class='ocrx_word' id='word_1_622' title='bbox 1657 1891 1701 1925; x_wconf 91' lang='lat'><strong>17</strong></span> <span class='ocrx_word' id='word_1_623' title='bbox 1729 1876 1768 1914; x_wconf 86' lang='grc' dir='ltr'><strong>τὸ</strong></span> <span class='ocrx_word' id='word_1_624' title='bbox 1799 1874 1858 1924; x_wconf 88' lang='grc' dir='ltr'><strong>δέ,</strong></span> <span class='ocrx_word' id='word_1_625' title='bbox 1891 1876 2067 1923; x_wconf 84' lang='grc' dir='ltr'>εὐθαλῶς,</span> <span class='ocrx_word' id='word_1_626' title='bbox 2095 1874 2142 1918; x_wconf 82' lang='grc' dir='ltr'><strong>ὥς</strong></span> <span class='ocrx_word' id='word_1_627' title='bbox 2161 1889 2264 1927; x_wconf 86' lang='grc' dir='ltr'>φησιν</span> <span class='ocrx_word' id='word_1_628' title='bbox 2285 1874 2403 1923; x_wconf 70' lang='grc' dir='ltr'>αὐτός’,</span> 
     </span>
     <span class='ocr_line' id='line_1_83' title="bbox 1362 1930 2404 1988; baseline -0.004 -14"><span class='ocrx_word' id='word_1_629' title='bbox 1362 1935 1530 1982; x_wconf 79' lang='grc' dir='ltr'>ἀνθούσης</span> <span class='ocrx_word' id='word_1_630' title='bbox 1564 1939 1625 1983; x_wconf 78' lang='grc' dir='ltr'><strong>τῆς</strong></span> <span class='ocrx_word' id='word_1_631' title='bbox 1670 1930 1846 1988; x_wconf 84' lang='grc' dir='ltr'>διανοίας]</span> <span class='ocrx_word' id='word_1_632' title='bbox 1881 1941 2028 1984; x_wconf 85' lang='lat' dir='ltr'><strong>spectat</strong></span> <span class='ocrx_word' id='word_1_633' title='bbox 2067 1931 2248 1972; x_wconf 82' lang='lat' dir='ltr'><strong>Isocratis</strong></span> <span class='ocrx_word' id='word_1_634' title='bbox 2281 1931 2404 1971; x_wconf 83' lang='lat' dir='ltr'><strong>verba</strong></span> 
     </span>
     <span class='ocr_line' id='line_1_84' title="bbox 1362 1989 2402 2045; baseline -0.004 -13"><span class='ocrx_word' id='word_1_635' title='bbox 1362 2003 1458 2034; x_wconf 89' lang='lat' dir='ltr'><strong>orat.</strong></span> <span class='ocrx_word' id='word_1_636' title='bbox 1482 1996 1529 2042; x_wconf 91' lang='lat' dir='ltr'><strong>V,</strong></span> <span class='ocrx_word' id='word_1_637' title='bbox 1553 2007 1642 2045; x_wconf 87' lang='lat' dir='ltr'><strong>pag.</strong></span> <span class='ocrx_word' id='word_1_638' title='bbox 1671 1994 1720 2038; x_wconf 88' lang='grc'><strong>84</strong></span> <span class='ocrx_word' id='word_1_639' title='bbox 1741 1993 1803 2032; x_wconf 88' lang='lat' dir='ltr'><strong>ed.</strong></span> <span class='ocrx_word' id='word_1_640' title='bbox 1827 1991 1960 2043; x_wconf 85' lang='lat' dir='ltr'><strong>steph.</strong></span> <span class='ocrx_word' id='word_1_641' title='bbox 1982 1994 2094 2030; x_wconf 78' lang='grc' dir='ltr'>ταῦτα</span> <span class='ocrx_word' id='word_1_642' title='bbox 2128 1989 2165 2029; x_wconf 75' lang='grc' dir='ltr'><strong>δὲ</strong></span> <span class='ocrx_word' id='word_1_643' title='bbox 2199 1989 2402 2040; x_wconf 77' lang='grc' dir='ltr'>διανοηθείς,</span> 
     </span>
     <span class='ocr_line' id='line_1_85' title="bbox 1362 2046 2401 2103; baseline -0.007 -11"><span class='ocrx_word' id='word_1_644' title='bbox 1362 2053 1422 2092; x_wconf 82' lang='grc' dir='ltr'><strong>καὶ</strong></span> <span class='ocrx_word' id='word_1_645' title='bbox 1451 2048 1597 2103; x_wconf 86' lang='grc' dir='ltr'>νομίσας</span> <span class='ocrx_word' id='word_1_646' title='bbox 1632 2050 1788 2089; x_wconf 82' lang='grc' dir='ltr'>οὐδέποτ’</span> <span class='ocrx_word' id='word_1_647' title='bbox 1821 2048 1862 2088; x_wconf 81' lang='grc' dir='ltr'><strong>ἂν</strong></span> <span class='ocrx_word' id='word_1_648' title='bbox 1894 2051 2076 2102; x_wconf 77' lang='grc' dir='ltr'>εὑρεθῆναι</span> <span class='ocrx_word' id='word_1_649' title='bbox 2110 2046 2245 2087; x_wconf 82' lang='grc' dir='ltr'>καλλίω</span> <span class='ocrx_word' id='word_1_650' title='bbox 2271 2046 2401 2094; x_wconf 79' lang='grc' dir='ltr'>ταύτης</span> 
     </span>
     <span class='ocr_line' id='line_1_86' title="bbox 1363 2104 2401 2158; baseline -0.005 -10"><span class='ocrx_word' id='word_1_651' title='bbox 1363 2111 1524 2150; x_wconf 76' lang='grc' dir='ltr'>ὑπόθεσιν</span> <span class='ocrx_word' id='word_1_652' title='bbox 1559 2109 1636 2148; x_wconf 81' lang='grc' dir='ltr'>οὐδὲ</span> <span class='ocrx_word' id='word_1_653' title='bbox 1667 2107 1868 2158; x_wconf 82' lang='grc' dir='ltr'>κοινοτέραν</span> <span class='ocrx_word' id='word_1_654' title='bbox 1902 2106 1979 2145; x_wconf 77' lang='grc' dir='ltr'>οῦδὲ</span> <span class='ocrx_word' id='word_1_655' title='bbox 2008 2108 2142 2157; x_wconf 80' lang='grc' dir='ltr'>μᾶλλον</span> <span class='ocrx_word' id='word_1_656' title='bbox 2164 2104 2295 2145; x_wconf 84' lang='grc' dir='ltr'>ἅπασιν</span> <span class='ocrx_word' id='word_1_657' title='bbox 2317 2108 2401 2156; x_wconf 80' lang='grc' dir='ltr'>ἡμῖν</span> 
     </span>
    </p>
   </div>
   <div class='ocr_carea' id='block_1_6' title="bbox 1345 2163 2399 2222">
    <p class='ocr_par' dir='ltr' id='par_1_6' title="bbox 1345 2163 2399 2222">
     <span class='ocr_line' id='line_1_87' title="bbox 1345 2163 2399 2222; baseline -0.005 -15"><span class='ocrx_word' id='word_1_658' title='bbox 1345 2168 1624 2222; x_wconf 31' lang='grc' dir='ltr'>,ξυμφέρουσαῃ</span> <span class='ocrx_word' id='word_1_659' title='bbox 1661 2165 1813 2218; x_wconf 81' lang='grc' dir='ltr'>ἐπήρθην</span> <span class='ocrx_word' id='word_1_660' title='bbox 1850 2164 1957 2203; x_wconf 87' lang='grc' dir='ltr'>πάλιν</span> <span class='ocrx_word' id='word_1_661' title='bbox 1995 2163 2129 2218; x_wconf 76' lang='grc' dir='ltr'>γράψαι</span> <span class='ocrx_word' id='word_1_662' title='bbox 2160 2163 2242 2216; x_wconf 74' lang='grc' dir='ltr'>περὶ</span> <span class='ocrx_word' id='word_1_663' title='bbox 2273 2164 2399 2211; x_wconf 75' lang='grc' dir='ltr'>αὐτῆς,</span> 
     </span>
    </p>
   </div>
   <div class='ocr_carea' id='block_1_7' title="bbox 1362 2218 2404 3042">
    <p class='ocr_par' dir='ltr' id='par_1_7' title="bbox 1362 2218 2404 3042">
     <span class='ocr_line' id='line_1_88' title="bbox 1363 2218 2399 2278; baseline -0.008 -13"><span class='ocrx_word' id='word_1_664' title='bbox 1363 2229 1426 2275; x_wconf 81' lang='grc' dir='ltr'><strong>οὐκ</strong></span> <span class='ocrx_word' id='word_1_665' title='bbox 1449 2227 1580 2278; x_wconf 85' lang='grc' dir='ltr'>ἀγνοῶν</span> <span class='ocrx_word' id='word_1_666' title='bbox 1611 2222 1707 2263; x_wconf 83' lang='grc' dir='ltr'>οὐδὲν</span> <span class='ocrx_word' id='word_1_667' title='bbox 1727 2224 1794 2261; x_wconf 86' lang='grc' dir='ltr'><strong>τῶν</strong></span> <span class='ocrx_word' id='word_1_668' title='bbox 1815 2221 1894 2274; x_wconf 84' lang='grc' dir='ltr'>περὶ</span> <span class='ocrx_word' id='word_1_669' title='bbox 1925 2220 2090 2272; x_wconf 79' lang='grc' dir='ltr'>ἐμαυτόν,</span> <span class='ocrx_word' id='word_1_670' title='bbox 2121 2220 2201 2260; x_wconf 73' lang='grc' dir='ltr'>ἀλλ’</span> <span class='ocrx_word' id='word_1_671' title='bbox 2217 2218 2317 2264; x_wconf 79' lang='grc' dir='ltr'>εἰδὼς</span> <span class='ocrx_word' id='word_1_672' title='bbox 2336 2220 2399 2270; x_wconf 83' lang='grc' dir='ltr'><strong>μὲν</strong></span> 
     </span>
     <span class='ocr_line' id='line_1_89' title="bbox 1367 2278 2402 2336; baseline -0.008 -12"><span class='ocrx_word' id='word_1_673' title='bbox 1367 2284 1424 2324; x_wconf 76' lang='grc' dir='ltr'><strong>τὸν</strong></span> <span class='ocrx_word' id='word_1_674' title='bbox 1446 2284 1548 2336; x_wconf 89' lang='grc' dir='ltr'>λόγον</span> <span class='ocrx_word' id='word_1_675' title='bbox 1571 2286 1688 2322; x_wconf 82' lang='grc' dir='ltr'>τοῦτον</span> <span class='ocrx_word' id='word_1_676' title='bbox 1711 2282 1751 2320; x_wconf 81' lang='grc' dir='ltr'><strong>οὗ</strong></span> <span class='ocrx_word' id='word_1_677' title='bbox 1771 2284 1832 2329; x_wconf 76' lang='grc' dir='ltr'><strong>τῆς</strong></span> <span class='ocrx_word' id='word_1_678' title='bbox 1859 2279 1996 2327; x_wconf 79' lang='grc' dir='ltr'>ἡλικίας</span> <span class='ocrx_word' id='word_1_679' title='bbox 2018 2281 2079 2326; x_wconf 78' lang='grc' dir='ltr'><strong>τῆς</strong></span> <span class='ocrx_word' id='word_1_680' title='bbox 2105 2281 2191 2330; x_wconf 75' lang='grc' dir='ltr'>ἐμῆς</span> <span class='ocrx_word' id='word_1_681' title='bbox 2219 2278 2402 2330; x_wconf 84' lang='grc' dir='ltr'>δεόμενον,</span> 
     </span>
     <span class='ocr_line' id='line_1_90' title="bbox 1364 2337 2399 2395; baseline -0.006 -13"><span class='ocrx_word' id='word_1_682' title='bbox 1364 2344 1442 2382; x_wconf 81' lang='grc' dir='ltr'>ἀλλ’</span> <span class='ocrx_word' id='word_1_683' title='bbox 1465 2342 1587 2395; x_wconf 85' lang='grc' dir='ltr'>ἀνδρὸς</span> <span class='ocrx_word' id='word_1_684' title='bbox 1602 2343 1769 2380; x_wconf 82' lang='grc' dir='ltr'>ἀνθοῦσαν</span> <span class='ocrx_word' id='word_1_685' title='bbox 1795 2339 1857 2388; x_wconf 86' lang='grc' dir='ltr'><strong>τὴν</strong></span> <span class='ocrx_word' id='word_1_686' title='bbox 1879 2338 1996 2390; x_wconf 80' lang='grc' dir='ltr'>ἀκμὴν</span> <span class='ocrx_word' id='word_1_687' title='bbox 2017 2337 2154 2390; x_wconf 81' lang='grc' dir='ltr'>ἔχοντος</span> <span class='ocrx_word' id='word_1_688' title='bbox 2172 2337 2233 2376; x_wconf 77' lang='grc' dir='ltr'><strong>καὶ</strong></span> <span class='ocrx_word' id='word_1_689' title='bbox 2251 2338 2315 2386; x_wconf 79' lang='grc' dir='ltr'><strong>τὴν</strong></span> <span class='ocrx_word' id='word_1_690' title='bbox 2330 2338 2399 2391; x_wconf 77' lang='grc' dir='ltr'><strong>φύ-</strong></span> 
     </span>
     <span class='ocr_line' id='line_1_91' title="bbox 1364 2394 2400 2451; baseline -0.008 -10"><span class='ocrx_word' id='word_1_691' title='bbox 1364 2418 1416 2440; x_wconf 86' lang='grc' dir='ltr'><strong>σιν</strong></span> <span class='ocrx_word' id='word_1_692' title='bbox 1439 2401 1528 2441; x_wconf 78' lang='grc' dir='ltr'>πολὺ</span> <span class='ocrx_word' id='word_1_693' title='bbox 1547 2402 1614 2438; x_wconf 89' lang='grc' dir='ltr'><strong>τῶν</strong></span> <span class='ocrx_word' id='word_1_694' title='bbox 1637 2400 1752 2438; x_wconf 85' lang='grc' dir='ltr'>ἄλλων</span> <span class='ocrx_word' id='word_1_695' title='bbox 1772 2397 2003 2451; x_wconf 84' lang='grc' dir='ltr'>διαφέροντος.</span> <span class='ocrx_word' id='word_1_696' title='bbox 2035 2418 2088 2426; x_wconf 90' lang='grc'>-</span> <span class='ocrx_word' id='word_1_697' title='bbox 2109 2397 2157 2435; x_wconf 83' lang='lat'><strong>18</strong></span> <span class='ocrx_word' id='word_1_698' title='bbox 2182 2395 2233 2441; x_wconf 82' lang='grc' dir='ltr'><strong>τίς</strong></span> <span class='ocrx_word' id='word_1_699' title='bbox 2264 2394 2333 2450; x_wconf 78' lang='grc' dir='ltr'>γὰρ</span> <span class='ocrx_word' id='word_1_700' title='bbox 2357 2397 2400 2438; x_wconf 71' lang='grc' dir='ltr'><strong>ἂν</strong></span> 
     </span>
     <span class='ocr_line' id='line_1_92' title="bbox 1362 2454 2399 2509; baseline -0.002 -11"><span class='ocrx_word' id='word_1_701' title='bbox 1362 2460 1470 2504; x_wconf 76' lang='grc' dir='ltr'>οὕτως</span> <span class='ocrx_word' id='word_1_702' title='bbox 1511 2459 1617 2506; x_wconf 80' lang='grc' dir='ltr'>εὐήθη</span> <span class='ocrx_word' id='word_1_703' title='bbox 1656 2473 1694 2496; x_wconf 87' lang='grc' dir='ltr'><strong>σε</strong></span> <span class='ocrx_word' id='word_1_704' title='bbox 1731 2455 1930 2509; x_wconf 87' lang='grc' dir='ltr'>νομίσειεν]</span> <span class='ocrx_word' id='word_1_705' title='bbox 1965 2455 2186 2494; x_wconf 83' lang='lat' dir='ltr'><strong>emendavit</strong></span> <span class='ocrx_word' id='word_1_706' title='bbox 2218 2454 2399 2501; x_wconf 75' lang='lat' dir='ltr'><strong>Schaefer.</strong></span> 
     </span>
     <span class='ocr_line' id='line_1_93' title="bbox 1363 2513 2400 2570; baseline -0.005 -13"><span class='ocrx_word' id='word_1_707' title='bbox 1363 2519 1458 2558; x_wconf 88' lang='lat' dir='ltr'><strong>libri</strong></span> <span class='ocrx_word' id='word_1_708' title='bbox 1474 2523 1525 2562; x_wconf 87' lang='grc' dir='ltr'><strong>τίς</strong></span> <span class='ocrx_word' id='word_1_709' title='bbox 1544 2517 1611 2570; x_wconf 78' lang='grc' dir='ltr'>γὰρ</span> <span class='ocrx_word' id='word_1_710' title='bbox 1633 2516 1673 2555; x_wconf 80' lang='grc' dir='ltr'><strong>ἂν</strong></span> <span class='ocrx_word' id='word_1_711' title='bbox 1690 2515 1798 2560; x_wconf 78' lang='grc' dir='ltr'>οὕτως</span> <span class='ocrx_word' id='word_1_712' title='bbox 1814 2515 1938 2563; x_wconf 85' lang='grc' dir='ltr'>εὐήθης</span> <span class='ocrx_word' id='word_1_713' title='bbox 1956 2513 2142 2565; x_wconf 88' lang='grc' dir='ltr'>νομίσειεν.</span> <span class='ocrx_word' id='word_1_714' title='bbox 2154 2533 2210 2568; x_wconf 50' lang='lat' dir='ltr'><strong>—f</strong></span> <span class='ocrx_word' id='word_1_715' title='bbox 2231 2527 2279 2565; x_wconf 84' lang='lat'><strong>19</strong></span> <span class='ocrx_word' id='word_1_716' title='bbox 2289 2518 2400 2554; x_wconf 70' lang='grc' dir='ltr'>ταῦτα</span> 
     </span>
     <span class='ocr_line' id='line_1_94' title="bbox 1364 2571 2404 2629; baseline -0.004 -13"><span class='ocrx_word' id='word_1_717' title='bbox 1364 2593 1422 2628; x_wconf 87' lang='grc' dir='ltr'><strong>μοι</strong></span> <span class='ocrx_word' id='word_1_718' title='bbox 1448 2578 1542 2615; x_wconf 86' lang='grc' dir='ltr'>δοκεῖ</span> <span class='ocrx_word' id='word_1_719' title='bbox 1562 2576 1631 2629; x_wconf 90' lang='lat' dir='ltr'><strong>(al.</strong></span> <span class='ocrx_word' id='word_1_720' title='bbox 1665 2576 1778 2625; x_wconf 81' lang='grc' dir='ltr'>δοκῶ)</span> <span class='ocrx_word' id='word_1_721' title='bbox 1799 2573 1967 2627; x_wconf 83' lang='grc' dir='ltr'>φράσειν]</span> <span class='ocrx_word' id='word_1_722' title='bbox 1986 2572 2200 2612; x_wconf 84' lang='lat' dir='ltr'><strong>verborum</strong></span> <span class='ocrx_word' id='word_1_723' title='bbox 2219 2571 2404 2624; x_wconf 61' lang='lat' dir='ltr'><strong>junemra</strong></span> 
     </span>
     <span class='ocr_line' id='line_1_95' title="bbox 1363 2630 2398 2687; baseline -0.003 -13"><span class='ocrx_word' id='word_1_724' title='bbox 1363 2648 1602 2687; x_wconf 88' lang='lat' dir='ltr'><strong>nequaquam</strong></span> <span class='ocrx_word' id='word_1_725' title='bbox 1620 2633 1817 2672; x_wconf 87' lang='lat' dir='ltr'><strong>mendosa.</strong></span> <span class='ocrx_word' id='word_1_726' title='bbox 1838 2631 1927 2671; x_wconf 87' lang='lat' dir='ltr'><strong>vid.</strong></span> <span class='ocrx_word' id='word_1_727' title='bbox 1953 2631 2121 2670; x_wconf 84' lang='lat' dir='ltr'><strong>Matthiae</strong></span> <span class='ocrx_word' id='word_1_728' title='bbox 2140 2630 2312 2671; x_wconf 84' lang='lat' dir='ltr'><strong>Gramm.</strong></span> <span class='ocrx_word' id='word_1_729' title='bbox 2329 2633 2398 2674; x_wconf 90' lang='lat' dir='ltr'><strong>Gr.</strong></span> 
     </span>
     <span class='ocr_line' id='line_1_96' title="bbox 1364 2689 2401 2746; baseline -0.001 -14"><span class='ocrx_word' id='word_1_730' title='bbox 1364 2696 1385 2746; x_wconf 84' lang='lat'>§</span> <span class='ocrx_word' id='word_1_731' title='bbox 1403 2694 1493 2735; x_wconf 86' lang='lat'><strong>506.</strong></span> <span class='ocrx_word' id='word_1_732' title='bbox 1512 2694 1575 2733; x_wconf 89' lang='lat' dir='ltr'><strong>VI.</strong></span> <span class='ocrx_word' id='word_1_733' title='bbox 1596 2693 1703 2731; x_wconf 87' lang='lat' dir='ltr'><strong>Adde</strong></span> <span class='ocrx_word' id='word_1_734' title='bbox 1731 2692 1948 2742; x_wconf 87' lang='lat' dir='ltr'><strong>Krugerum</strong></span> <span class='ocrx_word' id='word_1_735' title='bbox 1970 2690 2018 2728; x_wconf 91' lang='lat' dir='ltr'><strong>ad</strong></span> <span class='ocrx_word' id='word_1_736' title='bbox 2036 2689 2216 2742; x_wconf 77' lang='lat' dir='ltr'><strong>Thucyd.</strong></span> <span class='ocrx_word' id='word_1_737' title='bbox 2239 2691 2275 2738; x_wconf 88' lang='grc' dir='ltr'>Ι,</span> <span class='ocrx_word' id='word_1_738' title='bbox 2298 2706 2359 2740; x_wconf 80' lang='lat'><strong>27,</strong></span> <span class='ocrx_word' id='word_1_739' title='bbox 2380 2707 2401 2731; x_wconf 85' lang='lat'>2</span> 
     </span>
     <span class='ocr_line' id='line_1_97' title="bbox 1363 2750 2402 2803; baseline -0.004 -9"><span class='ocrx_word' id='word_1_740' title='bbox 1363 2764 1400 2793; x_wconf 89' lang='lat' dir='ltr'><strong>et</strong></span> <span class='ocrx_word' id='word_1_741' title='bbox 1414 2753 1579 2794; x_wconf 86' lang='lat' dir='ltr'><strong>Lobeck.</strong></span> <span class='ocrx_word' id='word_1_742' title='bbox 1603 2752 1650 2791; x_wconf 88' lang='lat' dir='ltr'><strong>ad</strong></span> <span class='ocrx_word' id='word_1_743' title='bbox 1670 2751 1815 2803; x_wconf 86' lang='lat' dir='ltr'><strong>Phryn.</strong></span> <span class='ocrx_word' id='word_1_744' title='bbox 1829 2764 1870 2803; x_wconf 91' lang='lat' dir='ltr'><strong>p.</strong></span> <span class='ocrx_word' id='word_1_745' title='bbox 1892 2756 1966 2799; x_wconf 87' lang='grc'><strong>747</strong></span> <span class='ocrx_word' id='word_1_746' title='bbox 1988 2762 2097 2802; x_wconf 88' lang='lat' dir='ltr'><strong>seqq.</strong></span> <span class='ocrx_word' id='word_1_747' title='bbox 2115 2771 2168 2780; x_wconf 91' lang='lat'><em>-</em></span> <span class='ocrx_word' id='word_1_748' title='bbox 2187 2763 2237 2788; x_wconf 75' lang='lat' dir='ltr'><strong>ao</strong></span> <span class='ocrx_word' id='word_1_749' title='bbox 2251 2750 2402 2803; x_wconf 80' lang='grc' dir='ltr'>εὐαγγέ-</span> 
     </span>
     <span class='ocr_line' id='line_1_98' title="bbox 1363 2807 2402 2865; baseline -0.003 -14"><span class='ocrx_word' id='word_1_750' title='bbox 1363 2814 1445 2865; x_wconf 87' lang='grc' dir='ltr'>λια]</span> <span class='ocrx_word' id='word_1_751' title='bbox 1466 2812 1622 2864; x_wconf 89' lang='lat' dir='ltr'><strong>reposui</strong></span> <span class='ocrx_word' id='word_1_752' title='bbox 1641 2826 1651 2859; x_wconf 93' lang='lat'>;</span> <span class='ocrx_word' id='word_1_753' title='bbox 1669 2810 1783 2849; x_wconf 93' lang='lat' dir='ltr'><strong>codd.</strong></span> <span class='ocrx_word' id='word_1_754' title='bbox 1806 2807 2006 2861; x_wconf 70' lang='grc' dir='ltr'>εὐαγγελία.</span> <span class='ocrx_word' id='word_1_755' title='bbox 2025 2829 2078 2839; x_wconf 91' lang='lat'><strong>-—</strong></span> <span class='ocrx_word' id='word_1_756' title='bbox 2103 2822 2150 2847; x_wconf 78' lang='lat'><strong>21</strong></span> <span class='ocrx_word' id='word_1_757' title='bbox 2175 2809 2194 2847; x_wconf 84' lang='grc' dir='ltr'><strong>ὁ</strong></span> <span class='ocrx_word' id='word_1_758' title='bbox 2209 2808 2325 2863; x_wconf 81' lang='grc' dir='ltr'>φέρων</span> <span class='ocrx_word' id='word_1_759' title='bbox 2339 2809 2402 2858; x_wconf 82' lang='grc' dir='ltr'><strong>τὴν</strong></span> 
     </span>
     <span class='ocr_line' id='line_1_99' title="bbox 1365 2865 2404 2925; baseline -0.002 -15"><span class='ocrx_word' id='word_1_760' title='bbox 1365 2869 1573 2925; x_wconf 79' lang='grc' dir='ltr'>ἐπιστολήν]</span> <span class='ocrx_word' id='word_1_761' title='bbox 1606 2869 1808 2921; x_wconf 88' lang='lat' dir='ltr'><strong>sequentia</strong></span> <span class='ocrx_word' id='word_1_762' title='bbox 1826 2868 1873 2906; x_wconf 92' lang='lat' dir='ltr'><strong>de</strong></span> <span class='ocrx_word' id='word_1_763' title='bbox 1900 2867 2077 2906; x_wconf 85' lang='lat' dir='ltr'><strong>Herculis</strong></span> <span class='ocrx_word' id='word_1_764' title='bbox 2094 2865 2212 2906; x_wconf 87' lang='lat' dir='ltr'><strong>rebus</strong></span> <span class='ocrx_word' id='word_1_765' title='bbox 2233 2869 2350 2917; x_wconf 77' lang='lat' dir='ltr'><strong>gestis</strong></span> <span class='ocrx_word' id='word_1_766' title='bbox 2366 2878 2404 2908; x_wconf 89' lang='lat' dir='ltr'><strong>et</strong></span> 
     </span>
     <span class='ocr_line' id='line_1_100' title="bbox 1365 2925 2403 2982; baseline -0.001 -14"><span class='ocrx_word' id='word_1_767' title='bbox 1365 2940 1618 2982; x_wconf 85' lang='lat' dir='ltr'><strong>tyrannorum</strong></span> <span class='ocrx_word' id='word_1_768' title='bbox 1634 2929 1852 2967; x_wconf 86' lang='lat' dir='ltr'><strong>occisorum</strong></span> <span class='ocrx_word' id='word_1_769' title='bbox 1872 2927 2023 2977; x_wconf 84' lang='lat' dir='ltr'><strong>regnis,</strong></span> <span class='ocrx_word' id='word_1_770' title='bbox 2047 2939 2133 2977; x_wconf 85' lang='lat' dir='ltr'><strong>quae</strong></span> <span class='ocrx_word' id='word_1_771' title='bbox 2151 2925 2293 2964; x_wconf 81' lang='lat' dir='ltr'><strong>frustra</strong></span> <span class='ocrx_word' id='word_1_772' title='bbox 2308 2927 2403 2967; x_wconf 84' lang='lat' dir='ltr'><strong>alibi</strong></span> 
     </span>
     <span class='ocr_line' id='line_1_101' title="bbox 1365 2985 2402 3042; baseline -0.005 -12"><span class='ocrx_word' id='word_1_773' title='bbox 1365 3004 1537 3042; x_wconf 79' lang='lat' dir='ltr'><strong>quaeras,</strong></span> <span class='ocrx_word' id='word_1_774' title='bbox 1566 3003 1612 3028; x_wconf 89' lang='lat' dir='ltr'><strong>ex</strong></span> <span class='ocrx_word' id='word_1_775' title='bbox 1632 2987 1830 3039; x_wconf 82' lang='lat' dir='ltr'><strong>Antipatri</strong></span> <span class='ocrx_word' id='word_1_776' title='bbox 1857 2986 2036 3025; x_wconf 88' lang='lat' dir='ltr'><strong>historiis</strong></span> <span class='ocrx_word' id='word_1_777' title='bbox 2058 2994 2241 3037; x_wconf 84' lang='lat' dir='ltr'><strong>excerpta</strong></span> <span class='ocrx_word' id='word_1_778' title='bbox 2261 2985 2402 3025; x_wconf 89' lang='lat' dir='ltr'><strong>viden-</strong></span> 
     </span>
    </p>
   </div>
   <div class='ocr_carea' id='block_1_8' title="bbox 1354 3043 2402 3099">
    <p class='ocr_par' dir='ltr' id='par_1_8' title="bbox 1354 3043 2402 3099">
     <span class='ocr_line' id='line_1_102' title="bbox 1354 3043 2402 3099; baseline -0.006 -10"><span class='ocrx_word' id='word_1_779' title='bbox 1354 3059 1440 3090; x_wconf 14' lang='lat' dir='ltr'><strong>sstur.</strong></span> <span class='ocrx_word' id='word_1_780' title='bbox 1462 3074 1515 3080; x_wconf 87' lang='lat'><strong>—-</strong></span> <span class='ocrx_word' id='word_1_781' title='bbox 1536 3064 1583 3087; x_wconf 81' lang='lat'><strong>22</strong></span> <span class='ocrx_word' id='word_1_782' title='bbox 1614 3046 1760 3099; x_wconf 86' lang='grc' dir='ltr'>Νηλέα]</span> <span class='ocrx_word' id='word_1_783' title='bbox 1784 3046 1870 3085; x_wconf 89' lang='lat' dir='ltr'><strong>Vid.</strong></span> <span class='ocrx_word' id='word_1_784' title='bbox 1902 3045 2134 3097; x_wconf 87' lang='lat' dir='ltr'><strong>Apollodor.</strong></span> <span class='ocrx_word' id='word_1_785' title='bbox 2157 3043 2258 3082; x_wconf 82' lang='lat' dir='ltr'><strong>Bibl.</strong></span> <span class='ocrx_word' id='word_1_786' title='bbox 2277 3044 2343 3082; x_wconf 89' lang='lat' dir='ltr'><strong>lib.</strong></span> <span class='ocrx_word' id='word_1_787' title='bbox 2364 3044 2402 3083; x_wconf 93' lang='lat'><strong>11</strong></span> 
     </span>
    </p>
   </div>
   <div class='ocr_carea' id='block_1_9' title="bbox 1366 3102 2402 3511">
    <p class='ocr_par' dir='ltr' id='par_1_9' title="bbox 1366 3102 2402 3511">
     <span class='ocr_line' id='line_1_103' title="bbox 1366 3102 2399 3161; baseline -0.008 -13"><span class='ocrx_word' id='word_1_788' title='bbox 1366 3122 1451 3161; x_wconf 89' lang='lat' dir='ltr'><strong>cap.</strong></span> <span class='ocrx_word' id='word_1_789' title='bbox 1472 3124 1510 3160; x_wconf 92' lang='grc'>7,</span> <span class='ocrx_word' id='word_1_790' title='bbox 1530 3110 1550 3147; x_wconf 83' lang='grc'>3</span> <span class='ocrx_word' id='word_1_791' title='bbox 1573 3117 1609 3146; x_wconf 91' lang='lat' dir='ltr'><strong>et</strong></span> <span class='ocrx_word' id='word_1_792' title='bbox 1628 3107 1687 3146; x_wconf 87' lang='lat' dir='ltr'><strong>ibi</strong></span> <span class='ocrx_word' id='word_1_793' title='bbox 1711 3106 1904 3157; x_wconf 82' lang='lat' dir='ltr'><strong>Heynium</strong></span> <span class='ocrx_word' id='word_1_794' title='bbox 1928 3118 1969 3156; x_wconf 86' lang='lat' dir='ltr'><strong>p.</strong></span> <span class='ocrx_word' id='word_1_795' title='bbox 1997 3104 2087 3151; x_wconf 48' lang='lat'><strong>1817·</strong></span> <span class='ocrx_word' id='word_1_796' title='bbox 2109 3124 2163 3132; x_wconf 92' lang='lat'>—</span> <span class='ocrx_word' id='word_1_797' title='bbox 2186 3102 2234 3141; x_wconf 84' lang='lat'><strong>23</strong></span> <span class='ocrx_word' id='word_1_798' title='bbox 2256 3102 2399 3155; x_wconf 84' lang='grc' dir='ltr'>Συλέα]</span> 
     </span>
     <span class='ocr_line' id='line_1_104' title="bbox 1367 3160 2400 3214; baseline -0.006 -7"><span class='ocrx_word' id='word_1_799' title='bbox 1367 3169 1534 3207; x_wconf 87' lang='lat' dir='ltr'><strong>correxit</strong></span> <span class='ocrx_word' id='word_1_800' title='bbox 1564 3166 1755 3214; x_wconf 82' lang='lat' dir='ltr'><strong>Orellius3</strong></span> <span class='ocrx_word' id='word_1_801' title='bbox 1790 3164 1886 3203; x_wconf 88' lang='lat' dir='ltr'><strong>libri</strong></span> <span class='ocrx_word' id='word_1_802' title='bbox 1915 3162 2046 3203; x_wconf 84' lang='grc' dir='ltr'>Δυλέα.</span> <span class='ocrx_word' id='word_1_803' title='bbox 2087 3184 2140 3190; x_wconf 93' lang='grc'>-</span> <span class='ocrx_word' id='word_1_804' title='bbox 2170 3166 2219 3206; x_wconf 68' lang='lat'><strong>24</strong></span> <span class='ocrx_word' id='word_1_805' title='bbox 2251 3160 2400 3214; x_wconf 85' lang='grc' dir='ltr'>Νέστορι</span> 
     </span>
     <span class='ocr_line' id='line_1_105' title="bbox 1369 3219 2402 3280; baseline -0.006 -15"><span class='ocrx_word' id='word_1_806' title='bbox 1369 3226 1431 3276; x_wconf 83' lang='grc' dir='ltr'><strong>μὲν</strong></span> <span class='ocrx_word' id='word_1_807' title='bbox 1455 3229 1505 3280; x_wconf 83' lang='grc' dir='ltr'><strong>τῷ</strong></span> <span class='ocrx_word' id='word_1_808' title='bbox 1525 3226 1671 3277; x_wconf 87' lang='grc' dir='ltr'>Νηλέως</span> <span class='ocrx_word' id='word_1_809' title='bbox 1690 3223 1910 3275; x_wconf 81' lang='grc' dir='ltr'>Μεσσήνην]</span> <span class='ocrx_word' id='word_1_810' title='bbox 1929 3222 2021 3260; x_wconf 85' lang='lat' dir='ltr'><strong>Rem</strong></span> <span class='ocrx_word' id='word_1_811' title='bbox 2039 3228 2176 3259; x_wconf 88' lang='lat' dir='ltr'><strong>narrat</strong></span> <span class='ocrx_word' id='word_1_812' title='bbox 2192 3219 2402 3259; x_wconf 77' lang='lat' dir='ltr'><strong>Philostra-</strong></span> 
     </span>
     <span class='ocr_line' id='line_1_106' title="bbox 1368 3277 2400 3336; baseline -0.008 -12"><span class='ocrx_word' id='word_1_813' title='bbox 1368 3294 1427 3324; x_wconf 91' lang='lat' dir='ltr'><strong>tus</strong></span> <span class='ocrx_word' id='word_1_814' title='bbox 1444 3286 1485 3324; x_wconf 90' lang='lat' dir='ltr'><strong>in</strong></span> <span class='ocrx_word' id='word_1_815' title='bbox 1502 3286 1680 3325; x_wconf 88' lang='lat' dir='ltr'><strong>Heroicis</strong></span> <span class='ocrx_word' id='word_1_816' title='bbox 1693 3297 1781 3336; x_wconf 87' lang='lat' dir='ltr'><strong>pag.</strong></span> <span class='ocrx_word' id='word_1_817' title='bbox 1797 3283 1874 3333; x_wconf 90' lang='lat'><strong>696</strong></span> <span class='ocrx_word' id='word_1_818' title='bbox 1895 3281 1956 3319; x_wconf 93' lang='lat' dir='ltr'><strong>ed.</strong></span> <span class='ocrx_word' id='word_1_819' title='bbox 1979 3281 2106 3320; x_wconf 86' lang='lat' dir='ltr'><strong>Olear.</strong></span> <span class='ocrx_word' id='word_1_820' title='bbox 2123 3300 2177 3308; x_wconf 90' lang='lat'><strong>—-</strong></span> <span class='ocrx_word' id='word_1_821' title='bbox 2197 3277 2246 3316; x_wconf 79' lang='lat'><strong>25</strong></span> <span class='ocrx_word' id='word_1_822' title='bbox 2265 3277 2400 3331; x_wconf 84' lang='grc' dir='ltr'>Δικαίῳ</span> 
     </span>
     <span class='ocr_line' id='line_1_107' title="bbox 1368 3337 2397 3397; baseline -0.006 -16"><span class='ocrx_word' id='word_1_823' title='bbox 1368 3342 1403 3381; x_wconf 82' lang='grc' dir='ltr'><strong>δὲ</strong></span> <span class='ocrx_word' id='word_1_824' title='bbox 1439 3345 1488 3397; x_wconf 81' lang='grc' dir='ltr'><strong>τῷ</strong></span> <span class='ocrx_word' id='word_1_825' title='bbox 1520 3343 1660 3387; x_wconf 82' lang='grc' dir='ltr'>Συλέως</span> <span class='ocrx_word' id='word_1_826' title='bbox 1690 3341 1850 3395; x_wconf 80' lang='grc' dir='ltr'>ἀδελφῷ]</span> <span class='ocrx_word' id='word_1_827' title='bbox 1883 3338 2049 3378; x_wconf 89' lang='lat' dir='ltr'><strong>correxit</strong></span> <span class='ocrx_word' id='word_1_828' title='bbox 2076 3337 2266 3385; x_wconf 89' lang='lat' dir='ltr'><strong>Orellius;</strong></span> <span class='ocrx_word' id='word_1_829' title='bbox 2304 3337 2397 3375; x_wconf 90' lang='lat' dir='ltr'><strong>libri</strong></span> 
     </span>
     <span class='ocr_line' id='line_1_108' title="bbox 1368 3396 2396 3454; baseline -0.006 -14"><span class='ocrx_word' id='word_1_830' title='bbox 1368 3401 1504 3454; x_wconf 82' lang='grc' dir='ltr'>Δικαίῳ</span> <span class='ocrx_word' id='word_1_831' title='bbox 1530 3401 1567 3440; x_wconf 81' lang='grc' dir='ltr'><strong>δὲ</strong></span> <span class='ocrx_word' id='word_1_832' title='bbox 1594 3403 1643 3453; x_wconf 82' lang='grc' dir='ltr'><strong>τῷ</strong></span> <span class='ocrx_word' id='word_1_833' title='bbox 1669 3399 1813 3449; x_wconf 86' lang='grc' dir='ltr'>Νηλέως</span> <span class='ocrx_word' id='word_1_834' title='bbox 1844 3399 1981 3451; x_wconf 81' lang='grc' dir='ltr'>ἀδελφῷ</span> <span class='ocrx_word' id='word_1_835' title='bbox 2014 3397 2072 3435; x_wconf 85' lang='lat' dir='ltr'><strong>Cf.</strong></span> <span class='ocrx_word' id='word_1_836' title='bbox 2112 3398 2262 3436; x_wconf 91' lang='lat' dir='ltr'><strong>Conon.</strong></span> <span class='ocrx_word' id='word_1_837' title='bbox 2301 3396 2396 3434; x_wconf 86' lang='lat' dir='ltr'><strong>Nar-</strong></span> 
     </span>
     <span class='ocr_line' id='line_1_109' title="bbox 1369 3454 2400 3511; baseline -0.005 -14"><span class='ocrx_word' id='word_1_838' title='bbox 1369 3470 1440 3500; x_wconf 89' lang='lat' dir='ltr'><strong>rat.</strong></span> <span class='ocrx_word' id='word_1_839' title='bbox 1471 3461 1588 3501; x_wconf 84' lang='lat' dir='ltr'><strong>XVII.</strong></span> <span class='ocrx_word' id='word_1_840' title='bbox 1606 3485 1657 3491; x_wconf 91' lang='lat'>—</span> <span class='ocrx_word' id='word_1_841' title='bbox 1679 3462 1726 3498; x_wconf 86' lang='lat'><strong>26</strong></span> <span class='ocrx_word' id='word_1_842' title='bbox 1746 3456 1994 3511; x_wconf 83' lang='grc' dir='ltr'>Κρεσφόντην]</span> <span class='ocrx_word' id='word_1_843' title='bbox 2013 3456 2172 3507; x_wconf 90' lang='lat' dir='ltr'><strong>scripsi;</strong></span> <span class='ocrx_word' id='word_1_844' title='bbox 2197 3454 2291 3493; x_wconf 87' lang='lat' dir='ltr'><strong>libri</strong></span> <span class='ocrx_word' id='word_1_845' title='bbox 2312 3456 2400 3507; x_wconf 80' lang='grc' dir='ltr'>Κρε·</span> 
     </span>
    </p>
   </div>
   <div class='ocr_carea' id='block_1_10' title="bbox 2491 0 2528 619">
    <p class='ocr_par' dir='ltr' id='par_1_10' title="bbox 2491 0 2528 619">
     <span class='ocr_line' id='line_1_110' title="bbox 2491 0 2528 619; baseline 0 3169"><span class='ocrx_word' id='word_1_846' title='bbox 2491 0 2528 619; x_wconf 95' lang='lat' dir='ltr'><strong> </strong></span> 
     </span>
    </p>
   </div>
  </div>
 </body>
</html>
