2528 3788
1033 225 1367 267 FRAGMENTA.

59 354 64 372 ,.
144 318 235 372 ῷά.
290 318 375 361 Τοῖς
403 316 631 370 κεκραμένοις
670 314 705 355 δέ
744 330 830 370 φησι
878 314 1034 367 μάλιστα
1056 305 1062 310 “
1082 317 1185 353 τοῦτο

62 383 67 389 ”
92 420 95 421 ⁷
141 376 315 431 ῧκᾶρχειν
340 378 360 414 ὅ
386 374 571 428 Εὔδημος·
593 375 670 415 οὐδὲ
701 375 834 420 τούτοις
862 374 1076 427 κυριώτατα.
1115 373 1187 412 Δύο

144 435 214 490 γὰρ
243 434 396 485 σώματα
415 436 482 487 οὐχ
503 429 573 474 οἶόν
598 451 635 473 τε
652 430 740 474 εἶναι
761 434 836 485 ἅμα
853 435 887 472 ἐν
911 433 960 472 ἑνὶ
980 433 1040 472 καὶ
1065 432 1187 485 ἀτόμῳ

145 488 254 549 τόκῳ,
274 494 366 534 ἀλλὰ
391 493 484 533 κατὰ
506 493 568 544 μὲν
594 493 651 532 τὸν
670 493 771 546 λόγον
788 492 827 531 τὸ
849 491 990 545 ἀκριὸές
1014 506 1100 545 φησι
1128 492 1187 538 ζη-

145 553 280 602 τητέον,
297 553 389 592 κατὰ
416 552 453 591 δὲ
473 554 534 596 τὰς
557 553 678 604 χρείας
702 551 762 591 καὶ
779 551 820 590 τὸ
840 551 958 590 ἱκανὸν
974 550 1035 589 καὶ
1053 549 1092 588 τὸ
1110 549 1191 588 σύν-

145 626 247 664 ιγγυς
278 610 321 658 δὴ
340 609 464 650 τούτου
490 616 560 648 πᾶν
591 610 666 662 ἅμα
683 609 839 651 λεκτέον.
899 609 1050 662 Λέγεται
1071 607 1106 647 δὲ
1125 607 1189 647 καὶ

145 670 182 708 ἐν
214 669 332 724 χρόνῳ
365 669 443 720 ἅμα
483 667 528 708 τὰ
558 670 594 707 ἐν
625 671 676 721 τῷ
703 671 799 721 αὐτῷ
831 668 954 723 ἀτόμῳ
984 668 1122 721 χρόνῳ,
1143 665 1190 711 ’ὃς

148 729 304 768 θηλονότι
319 728 378 768 καὶ
394 723 442 773 εἷς
463 727 523 767 καὶ
542 727 720 781 προσεχής
740 729 858 778 ἐστι.)

164 785 168 789 ’
195 797 248 828 u.
268 787 430 840 Φανερὸν
451 785 487 826 δὲ
506 786 566 826 καὶ
584 785 637 824 ὅτι
655 788 792 838 πρῶτον
810 785 850 824 τὸ
870 785 994 839 ἐφεξῆς
1013 786 1106 824 ἐστιν
1121 800 1130 810 ·
1150 784 1190 824 τὸ

149 846 293 902 μὲνγὰρ
305 846 501 898 ἁπτόμενον
508 844 628 900 ἐφεξῆς
650 844 787 897 ἀνάγκη
800 838 904 896 εἶναι,
919 844 960 882 τὸ
977 844 1007 882 δ’
1019 843 1138 897 ἐφεξῆς
1152 845 1190 881 οὗ

146 911 218 945 πᾶν
229 905 418 946 ἅπτεσθαι.
474 904 538 945 Διὸ
545 903 606 943 καὶ
620 907 654 943 ἐν
662 904 841 957 προτέροις
849 906 899 956 τῷ
913 902 1009 955 λόγῳ
1024 901 1192 956 τὸέφεξῆς

147 966 239 1006 δστιν
253 959 324 1004 οἷον
338 966 373 1004 ἓν
393 966 562 1016 ἀριθμοῖς,
585 963 658 1017 ἁφὴ
679 965 709 1003 δ’
736 965 799 1002 οὐκ
813 962 922 1004 ἔστιν,
986 962 1058 1001 Καὶ
1077 964 1108 1001 εἰ
1127 962 1190 1013 μὲν

131 1023 302 1078 συνεχές,
331 1023 468 1076 ἀνάγκη
488 1021 675 1069 ἅπτεσθαι,
701 1023 730 1060 εἷ
747 1021 782 1061 δὲ
806 1020 976 1069 ἅπτεται,
995 1019 1093 1059 οὔπω
1111 1035 1194 1059 συν·

135 1083 243 1136 Ίχὲς·
261 1085 300 1123 οὔ
318 1082 387 1136 γὰρ
407 1078 544 1135 ἀνάγκη
571 1081 609 1121 ἓν
628 1075 716 1121 εἶναι
737 1082 852 1120 αὐτῶν
870 1080 912 1119 τὰ
931 1080 1022 1133 ἄκρα
1037 1110 1048 1128 ,
1066 1081 1096 1118 εἷ
1117 1079 1192 1119 ἅμα

149 1136 234 1184 ctu·
251 1142 332 1182 ἀλλ’
345 1143 376 1182 εἷ
392 1141 441 1191 ἕν,
456 1141 592 1194 ἀνάγκη
613 1140 674 1180 καὶ
692 1140 782 1190 ἅμα.
839 1137 958 1179 υΩστε
977 1142 998 1186 ἡ
1019 1138 1194 1192 σύμφυσις

151 1203 282 1251 ὅστάτη
305 1202 398 1241 κατὰ
427 1201 491 1248 τὴν
513 1200 666 1253 γένεσιν·
697 1199 833 1251 ἀνάγκη
853 1198 920 1252 γὰρ
951 1197 1130 1252 ἅψασθαι,
1164 1200 1194 1238 εἷ

149 1261 371 1316 συμφύσεται
389 1260 435 1299 τὰ
450 1260 543 1312 ἄκρα
559 1275 568 1285 ·
589 1260 634 1298 τὰ
655 1258 690 1298 δὲ
711 1258 894 1309 ἁπτόμενα
912 1259 952 1296 οὒ
972 1257 1088 1295 πάντα
1106 1273 1194 1309 συμ-

148 1320 319 1375 πέφυκεν.
378 1319 444 1360 Ἐν
475 1313 526 1363 οἷς
557 1317 593 1358 δὲ
614 1318 663 1368 μή
695 1320 788 1357 ἐστιν
811 1317 900 1373 ἁφή,
932 1317 1036 1365 δῆλον
1055 1316 1108 1355 ὅτι
1133 1318 1195 1355 οὐκ

149 1379 242 1420 ἔστιν
261 1379 340 1420 οὗδὲ
365 1379 537 1433 σύμφυσις
556 1379 591 1417 ἐν
605 1378 750 1422 τούτοις.

202 1438 449 1491 (Aristoteles
471 1437 592 1488 Phys.
611 1435 682 1474 lib.
701 1436 746 1475 V.
771 1449 856 1487 cap.
886 1437 906 1473 3
932 1430 1028 1487 pagss
1044 1448 1137 1483 ²27·
1156 1448 1195 1475 a.

153 1512 200 1547 ¹7
218 1497 279 1537 etl.
299 1497 461 1536 Bekker.
480 1495 702 1548 Simplicius
719 1496 788 1534 fol.
808 1496 883 1532 206
906 1494 1029 1546 (conf.
1047 1494 1193 1534 Scholl.

147 1557 190 1595 in
227 1555 348 1596 Arist.
377 1569 416 1607 p.
447 1561 540 1601 400.
582 1553 622 1593 h.
649 1555 714 1593 ed.
736 1553 940 1603 Brandis.)
976 1553 1140 1606 φανερὸν·
1159 1553 1196 1592 δέ

144 1629 234 1669 φησι
249 1614 309 1654 καὶ
330 1612 384 1653 ὅτι
404 1614 490 1666 πρὸς
516 1614 634 1661 νόησιν
664 1613 803 1667 πρῶτόν
834 1615 908 1651 ἐστι
927 1612 968 1650 τὸ
989 1610 1111 1664 ἐφεξῆς
1132 1615 1195 1651 τοῦ

93 1710 100 1721 s
143 1671 366 1726 ὑπνωμένου,
380 1673 421 1712 τὸ
441 1673 478 1712 δὲ
503 1671 703 1723 ἁπτόμενον
724 1674 785 1710 τοῦ
815 1673 994 1722 συνεχοῦς.
1053 1670 1107 1709 Τὸ
1130 1669 1194 1722 μὲν

142 1731 217 1786 γὰρ
233 1732 428 1783 ἁπτόμενον
446 1731 582 1782 ἀνάγκη
610 1729 731 1783 ἑφεξῆς
763 1723 864 1776 εἶναι,
885 1729 925 1767 τὸ
951 1727 987 1766 δὲ
1008 1727 1128 1781 ἐφεξῆς
1155 1731 1194 1769 οὐ

144 1797 216 1832 ἦν
241 1789 425 1831 ἅπτεσθαι.
482 1789 546 1831 Διὸ
579 1789 639 1829 καὶ
673 1790 708 1828 ἐν
737 1788 917 1843 προτέροις
950 1789 1001 1841 τῷ
1027 1787 1121 1840 λόγῳ
1155 1788 1195 1827 τὸ

96 1864 104 1872 ’
146 1849 270 1903 ἰφιξῆς
287 1851 382 1891 ἐστι·
397 1850 561 1904 πρότεροι
578 1850 646 1902 γὰρ
665 1848 727 1888 καὶ
748 1847 983 1902 πρεσὸύτεροι
1002 1849 1034 1887 οἱ
1054 1849 1194 1901 ἀριθμοὶ

141 1912 217 1954 ,τῶν
244 1911 416 1963 μεγεθῶν,
435 1908 497 1948 καί
516 1911 552 1949 ἐν
570 1908 703 1952 τούτοις
733 1907 773 1946 τὸ
807 1908 946 1962 ἐφεξῆς·
967 1907 1011 1945 τὰ
1031 1907 1098 1960 γὰρ
1134 1907 1195 1945 δύο

143 1971 211 2012 ,τοῦ
229 1969 304 2014 ἰνὸς
316 1969 452 2022 ἐφεξῆς,
468 1967 541 2022 ἇφὴ
562 1968 598 2008 δὲ
617 1971 680 2007 οὐκ
697 1966 771 2007 ἔστι
792 1966 966 2018 μονάδων.
1028 1966 1196 2019 Πρότεροι

146 2024 185 2071 δὲ
210 2029 352 2083 ἀριθμοὶ
370 2028 432 2067 καὶ
467 2027 613 2079 μονάδες
648 2026 824 2076 σωμάτων
860 2026 921 2067 καὶ
942 2028 1111 2079 μεγεθῶν,
1131 2027 1196 2078 οὐχ

127 2088 133 2092 ’
148 2086 350 2135 ὗποστάσει,
373 2086 466 2126 ἀλλὰ
483 2086 590 2140 λόγῳ.
647 2086 712 2126 Διὸ
728 2085 822 2125 κατὰ
837 2085 972 2137 γένεσιν
992 2087 1192 2124 τελευταῖον

147 2150 193 2200 τῇ
206 2146 348 2200 ἐπινοίᾳ
364 2147 405 2186 τὸ
425 2146 585 2199 συνεχές·
605 2148 745 2199 πρῶται
760 2145 829 2197 γὰρ
849 2147 885 2183 αἱ
905 2144 1072 2196 μονάδες,
1090 2146 1125 2183 ἐν
1140 2137 1195 2188 αἷς

148 2206 337 2260 τδέφεξῆς,
357 2205 451 2245 θέσιν
472 2207 509 2244 δὲ
527 2205 711 2244 λαὸουσῶν
731 2204 771 2243 τὸ
791 2203 962 2243 ἅπτεσθαι
988 2203 1193 2256 ἐπιγίνεται.

146 2269 207 2314 τῆς
233 2265 270 2306 δὲ
300 2266 393 2320 ἇφῆς
418 2265 635 2319 συμφυείσης
666 2265 706 2304 τὸ
734 2263 891 2317 συνεχές,
926 2264 988 2303 καὶ
1017 2262 1114 2302 οὐδὲν
1143 2262 1196 2301 ἔτι

142 2324 240 2376 μετὰ
265 2328 382 2366 τοῦτο.
442 2323 488 2364 '0
520 2325 639 2376 μέντοι
676 2323 840 2375 Εὔδημος
872 2323 912 2362 τὸ
949 2322 1104 2376 συμφυὲς
1133 2327 1194 2362 τοῦ

146 2387 314 2439 συνεχοῦς
354 2385 488 2437 μᾶλλον
522 2383 736 2436 θεασάμενος
773 2383 965 2435 ἡνωμένον,
1002 2381 1064 2421 καὶ
1102 2380 1189 2421 ἴδιον

190 2532 242 2566 ⁵⁸.
265 2532 409 2575 Apparet
440 2531 541 2565 etiam
565 2530 709 2574 primum
737 2530 772 2563 id
801 2539 889 2571 esse,
921 2530 1013 2574 quod
1033 2532 1082 2563 est
1101 2529 1197 2562 dein-

148 2593 253 2641 φρει
275 2589 367 2633 quod
393 2590 482 2624 enim
503 2590 626 2632 tangit,
647 2590 683 2629 id
699 2590 855 2632 deinceps
883 2599 954 2624 esse
972 2599 1105 2623 necesse
1126 2590 1194 2629 est,

149 2645 216 2684 non
253 2651 366 2684 tamen
391 2659 489 2683 omne
514 2650 606 2693 quod
624 2649 777 2692 deinceps
795 2648 856 2690 sit,
877 2652 1021 2692 tangere.
1043 2652 1198 2692 Quapro-

124 2756 129 2759 ¹
149 2699 225 2753 pter
239 2709 352 2752 ipsum
366 2708 521 2751 deinceps
537 2708 571 2742 et
589 2708 624 2741 in
639 2708 806 2751 prioribus
827 2709 954 2742 ratione
974 2708 1079 2747 inest,
1104 2710 1143 2740 ut
1165 2707 1199 2740 in

148 2757 314 2809 humeth,
341 2769 452 2801 tactus
471 2769 584 2801 autem
606 2777 669 2800 non
686 2767 782 2800 inest.
798 2769 846 2800 Ac
869 2768 898 2801 si
921 2768 1115 2800 continuum
1134 2768 1196 2805 est,

149 2827 264 2868 ungat
285 2835 419 2860 necesse
434 2828 503 2869 θοὴ
523 2827 552 2860 si
579 2836 660 2860 vero
679 2826 801 2867 tangit,
828 2826 976 2859 nondum
1006 2826 1199 2859 continuum

148 2888 214 2921 est.
235 2887 309 2920 Non
331 2886 419 2921 enim
444 2887 475 2920 si
499 2887 600 2920 simul
629 2887 694 2919 sint
719 2889 868 2919 extrema
902 2886 1067 2929 ipsorum,
1097 2895 1199 2919 unum

122 2938 127 2943 ’
151 2944 223 2988 ipsa
245 2953 318 2980 esse
337 2955 470 2981 necesse
498 2948 567 2987 est;
586 2946 645 2979 sed
667 2946 694 2978 si
713 2946 779 2978 sint
799 2955 922 2984 unum,
941 2947 974 2978 et
998 2945 1098 2978 simul
1128 2954 1200 2977 esse

151 3011 285 3039 moene
311 3007 373 3039 est.
397 3005 621 3044 Quamobrem
649 3005 815 3047 copulatio
838 3005 955 3037 ultima
982 3006 1033 3037 est
1062 3013 1200 3045 genera-

145 3064 259 3107 ϋωος
273 3066 412 3109 tangant
428 3065 516 3099 enim
532 3074 665 3098 necesse
683 3067 752 3104 est,
771 3065 800 3097 si
820 3067 969 3098 extrema
992 3064 1200 3106 copulabun-

151 3125 221 3158 tur.
248 3125 298 3158 Ea
318 3133 399 3158 vero
427 3133 504 3168 quae
532 3126 690 3166 tangunt,
715 3134 779 3157 non
799 3126 917 3156 cuncta
939 3125 1017 3156 sunt
1033 3123 1198 3165 copulata.

152 3182 193 3216 in
211 3183 336 3227 quibus
352 3186 464 3217 autem
480 3186 591 3217 tactus
609 3193 674 3217 non
697 3186 764 3222 est,
783 3183 818 3216 in
838 3183 890 3215 his
908 3183 1016 3225 Equct
1033 3191 1074 3215 ne
1095 3191 1200 3225 copu-

151 3239 310 3276 {ationem
328 3243 465 3286 quidem
483 3252 564 3276 esse.
916 3267 919 3270 -

155 3306 158 3307 ’
199 3302 251 3334 59.
275 3301 402 3335 Genere
418 3301 519 3344 igilur
538 3304 571 3335 et
589 3301 696 3345 specie
715 3303 827 3334 motus
839 3301 901 3333 hoc
918 3302 1013 3343 pacto
1028 3309 1115 3333 unus
1137 3302 1198 3333 est.

155 3356 355 3402 Simpliciter
379 3363 492 3395 autem
518 3361 548 3395 is
570 3370 656 3394 unus
690 3363 742 3394 est
768 3363 898 3399 motus,
927 3359 985 3402 qui
1016 3359 1202 3392 substantia

157 3418 192 3451 6
203 3426 341 3452 umero
358 3429 446 3453 unus
463 3422 525 3454 est.
547 3420 611 3454 Sed
625 3420 780 3463 quisnam
796 3419 837 3453 sii
858 3419 954 3460 talis,
975 3418 1203 3452 dividentibus

161 3479 343 3523 apparebit.
364 3480 439 3514 Tria
458 3481 547 3514 enim
572 3490 710 3514 numero
737 3482 832 3522 sunt,
854 3479 943 3514 circa
965 3488 1042 3523 quae
1071 3481 1200 3513 motum

2199 224 2277 263 253

1247 315 1315 352 τῶν
1346 313 1499 365 φυσικῶν
1540 310 1624 350 αὐτὸ
1661 309 1780 359 εἰπών,
1818 314 1919 349 τοῦτο
1959 307 2092 363 (φησί)
2111 307 2205 347 κατὰ
2231 309 2286 346 τὸν

1247 371 1349 422 λόγον
1378 369 1516 422 πρῶτόν
1547 371 1621 408 ἐστι
1652 368 1712 406 καὶ
1745 367 1851 420 ἀρχή.
1907 366 2034 420 Τούτῳ
2059 365 2127 419 γὰρ
2167 364 2287 405 ἕπεται

1248 429 1288 468 τὸ
1310 428 1450 482 συνεχὲς
1471 427 1531 466 καὶ
1562 427 1724 480 ἐχόμενόν
1746 443 1782 466 τε
1804 427 1863 465 καὶ
1894 425 2030 480 ἐφεξῆς·
2057 425 2148 464 κατὰ
2170 425 2206 464 δὲ
2230 424 2290 472 τὴν

1248 491 1398 542 γένεσιν,
1432 488 1539 544 φησί,
1567 488 1764 527 τελευταῖον
1807 488 1847 526 τὸ
1876 486 2042 539 συμφυές.
2100 487 2215 533 Δῆλον
2253 483 2288 522 δὲ

1250 550 1303 589 ὅτι
1334 552 1384 603 τῷ
1407 550 1498 602 λόγῳ
1518 552 1618 587 τοῦτο
1637 549 1775 600 πρῶτον
1796 540 1892 585 εἶπεν
1911 548 1958 590 ὥς
1989 545 2024 590 ἐξ
2043 545 2183 583 ἐκείνων
2207 559 2291 582 συν-

1251 609 1374 653 εστώς.
1433 607 1478 648 Ὁ
1511 608 1548 646 δὲ
1575 606 1812 660 Ἀριστοτέλης
1839 605 1879 644 τὸ
1904 605 2025 659 ἐφεξῆς
2041 608 2100 642 τοῦ
2124 603 2296 642 ἅπτεσθαι

1250 671 1387 722 πρῶτον
1403 661 1479 708 εἷπε
1501 669 1551 720 τῷ
1573 667 1666 720 λόγῳ
1683 668 1729 711 ὡς
1747 664 1952 718 ὁλικώτερον
1972 663 2033 703 καὶ
2055 662 2295 715 ἁπλούστερον

1250 728 1309 767 καὶ
1329 730 1554 781 συναναιροῦν
1576 726 1635 765 καὶ
1659 724 1986 778 συνεπιφερόμενον-Γ
2043 722 2222 763 ’Υστατον
2240 715 2296 759 οῧν

1251 787 1343 827 κατὰ
1359 786 1490 838 γένεσιν
1506 785 1545 824 τὸ
1566 784 1742 837 συνεχές).

1305 859 1350 885 59.
1365 846 1463 885 Γένει
1479 844 1543 895 μὲν
1558 839 1615 882 οὖν
1632 842 1691 882 καὶ
1707 842 1790 881 εἴδει
1809 841 1944 889 κίνησις
1959 839 2023 892 μία
2040 838 2162 886 οὕτως,
2177 837 2299 880 ἁπλῶς

1253 903 1289 943 δὲ
1314 904 1377 954 μία
1397 904 1533 952 κίνησις
1548 906 1570 950 ἡ
1589 906 1632 955 τῇ
1650 902 1749 956 οὐσίᾳ
1780 902 1843 952 μία
1862 901 1923 940 καὶ
1946 903 1995 954 τῷ
2018 900 2177 953 ἀριθμῷ·
2198 897 2248 942 τίς
2270 899 2298 936 δ’

1252 966 1274 1010 ἡ
1299 963 1459 1010 τοιαύτη,
1494 963 1596 1009 δῆλον
1629 960 1853 1012 διελομένοις.
1911 960 2003 1012 Τρία
2035 959 2104 1010 γάρ
2137 959 2212 996 ἐστι
2243 956 2301 995 τὸν

1254 1021 1398 1075 ἀριθμὸν
1420 1021 1501 1074 περὶ
1523 1021 1546 1059 ἃ
1568 1020 1717 1071 λέγομεν
1735 1019 1797 1066 τὴν
1817 1018 1970 1067 κίνησιν,
1994 1019 2025 1065 ὅ,
2046 1017 2108 1056 καὶ
2130 1019 2164 1056 ἐν
2185 1009 2226 1069 ᾧ,
2243 1015 2304 1054 καὶ

1253 1080 1324 1120 ὅτε.
1387 1078 1493 1131 Λέγω
1511 1079 1539 1117 δ’
1561 1077 1595 1128 ὅ,
1617 1077 1671 1116 ὅτι
1688 1078 1824 1129 ἀνάγκη
1849 1070 1938 1114 εἷναί
1959 1091 1994 1114 τι
2015 1075 2055 1113 τὸ
2086 1075 2304 1125 κινούμενον,

1254 1132 1323 1177 οἷον
1354 1137 1534 1190 ἄνθρωπον
1554 1135 1577 1183 ἢ
1596 1135 1742 1189 χρυσόν,
1765 1134 1825 1174 καὶ
1844 1133 1880 1172 ἔν
1901 1149 1968 1172 τινι
1992 1137 2094 1172 τοῦτο
2116 1136 2304 1182 κινεῖσθαι,

1254 1190 1324 1236 οἷον
1342 1199 1377 1235 ἐν
1397 1195 1495 1249 τόπῳ
1515 1193 1538 1242 ἢ
1559 1196 1594 1233 ἓν
1615 1195 1734 1243 πάθει,
1752 1193 1812 1232 καὶ
1832 1192 1939 1231 ποτέ·
1960 1194 1994 1231 ἕν
2013 1191 2130 1244 χρόνῳ
2151 1190 2218 1243 γὰρ
2235 1196 2306 1229 πᾶν

1255 1261 1417 1296 κινεῖται.
1475 1253 1620 1294 Τούτων
1645 1252 1736 1292 δὲτὸ
1757 1251 1819 1304 μὲν
1835 1245 1923 1290 εἶναι
1938 1252 1988 1303 τῷ
1999 1250 2091 1302 γένει
2108 1250 2131 1296 ἢ
2150 1251 2200 1302 τῷ
2222 1248 2307 1287 εἴδει

1257 1315 1339 1366 μίαν
1360 1314 1455 1354 ἐστὶν
1473 1314 1509 1352 ἐν
1528 1315 1578 1366 τῷ
1598 1312 1783 1366 πράγματι
1808 1312 1842 1350 ἐν
1860 1304 1888 1364 ᾧ
1908 1311 2074 1358 κινεῖται,
2105 1308 2145 1347 τὸ
2163 1309 2194 1347 δ’
2229 1308 2308 1360 ἐχό·

1258 1390 1360 1427 μενον
1380 1369 1422 1422 ἦν
1443 1374 1478 1412 ἐν
1511 1375 1561 1426 τῷ
1591 1372 1720 1426 χρόνῳ,
1743 1372 1783 1410 τὸ
1812 1370 1842 1410 δ’
1866 1371 1986 1414 ἁπλῶς
2022 1369 2104 1421 μίαν
2127 1370 2162 1407 ἓν
2197 1368 2308 1407 ἅπασι

1255 1433 1405 1478 τούτοις·
1425 1432 1486 1472 καὶ
1508 1433 1543 1471 ἐν
1565 1425 1594 1485 ᾧ
1617 1432 1685 1484 γὰρ
1718 1430 1753 1469 ἓν
1789 1432 1842 1469 δεῖ
1860 1424 1948 1469 εἶναι
1970 1429 2030 1468 καὶ
2049 1429 2195 1479 ἄτομον,
2239 1422 2308 1467 οἷον

1256 1493 1296 1532 τὸ
1319 1486 1421 1543 εἶδος,
1435 1491 1497 1530 καὶ
1517 1490 1557 1530 τὸ
1575 1490 1653 1538 ὅτε,
1673 1484 1742 1529 οἷον
1761 1490 1819 1528 τὸν
1839 1489 1963 1542 χρόνον
1993 1487 2054 1526 ἕνα
2073 1487 2135 1526 καὶ
2158 1487 2206 1538 μὴ
2226 1489 2309 1526 δια-

1256 1551 1408 1600 λείπειν,
1430 1551 1490 1590 καὶ
1510 1550 1550 1590 τὸ
1577 1549 1778 1601 κινούμενον
1804 1548 1841 1588 ἓν
1875 1541 1963 1586 εἶναι
1987 1547 2036 1598 μὴ
2057 1546 2150 1586 κατὰ
2180 1546 2309 1598 συμὸε·

1258 1611 1387 1660 ὅηκός,
1406 1610 1528 1662 ὥσπερ
1560 1609 1599 1648 τὸ
1632 1608 1752 1648 λευκὸν
1792 1607 2017 1658 μελαίνεσθαι
2038 1606 2099 1646 καὶ
2129 1605 2308 1659 Κορίσκον

1260 1670 1431 1723 βαδίζειν·
1451 1668 1487 1707 ἓν
1508 1668 1543 1707 δὲ
1567 1667 1739 1721 Κορίσκος
1752 1667 1812 1707 καὶ
1832 1666 1976 1715 λευκόν,
1997 1665 2089 1705 ἀλλὰ
2105 1665 2194 1704 κατὰ
2222 1681 2311 1715 συμ·

1258 1729 1424 1777 ὅεὸηκός.
1481 1727 1583 1775 Μηδὲ
1614 1727 1745 1767 κοινόν·
1767 1726 1820 1775 εἴη
1840 1726 1910 1779 γὰρ
1932 1726 1972 1764 ἂν
1991 1725 2067 1776 ἅμα
2087 1724 2148 1764 δύο
2177 1724 2312 1776 ἀνθρώ-

1257 1804 1343 1832 πους
1371 1788 1577 1840 ὑγιάζεσθαι
1591 1785 1653 1834 τὴν
1668 1787 1775 1833 αὐτὴν
1797 1786 1969 1837 ὃγίανσιν,
1989 1779 2061 1824 οἷον
2091 1783 2310 1837 ὀφθαλμίας·

1259 1848 1337 1886 ἀλλ’
1358 1849 1396 1886 οὗ
1414 1847 1478 1899 μία
1499 1848 1601 1893 αὕτη,
1619 1846 1696 1884 ἀλλ’
1719 1845 1802 1884 εἴδει
1826 1844 1906 1896 μία.

1311 1906 1560 1958 (Aristoteles
1574 1904 1691 1955 Phys.
1708 1903 1776 1942 lib.
1798 1903 1843 1944 V.
1861 1917 1946 1955 cap.
1967 1907 2005 1947 ί..
2024 1916 2065 1954 p.
2087 1916 2180 1950 227.
2202 1901 2243 1939 b.
2261 1915 2312 1939 ἰο

1257 1966 1317 2005 ed.
1350 1965 1513 2004 Bekker.
1540 1964 1765 2015 Simplicius
1804 1963 1869 2002 fol.
1893 1976 1968 2010 207
1989 1961 2032 2002 b.
2056 1961 2129 2014 (cf.
2163 1961 2310 2001 Scholl.

1256 2025 1298 2063 in
1330 2024 1494 2063 Aristot.
1516 2037 1558 2075 p.
1600 2029 1691 2069 401.
1720 2022 1761 2063 b,
1794 2023 1859 2062 ed.
1890 2021 2096 2073 Brandis.)
2130 2019 2236 2058 εἰπὼν
2275 2019 2312 2058 δὲ

1259 2082 1312 2121 ὅτι
1332 2082 1391 2121 ἐπὶ
1427 2085 1490 2130 τῆς
1510 2081 1636 2134 κυρίως
1659 2087 1741 2133 μιᾶς
1761 2080 1930 2128 κινήσεως
1954 2079 2015 2120 καὶ
2035 2080 2076 2119 τὸ
2107 2079 2311 2130 κινούμενον

1259 2144 1295 2182 ἓν
1311 2134 1400 2181 εἶναι
1412 2142 1483 2194 χρὴ
1503 2144 1582 2180 καθ’
1598 2141 1696 2190 αὑτό,
1709 2140 1801 2179 ἀλλὰ
1822 2140 1871 2191 μὴ
1888 2139 1978 2178 κατὰ
1994 2138 2234 2191 συμὸεὸηκός,
2251 2138 2312 2176 καὶ

1259 2202 1299 2241 τὸ
1317 2202 1396 2240 καθ’
1412 2200 1430 2239 ὃ
1447 2205 1470 2249 ἡ
1488 2200 1676 2248 κίνησις.ἓν
1701 2202 1748 2243 ὡς
1766 2199 1908 2250 ἄτομον,
1933 2198 2024 2237 ἀλλὰ
2045 2198 2094 2249 μὴ
2117 2199 2164 2241 ὡς
2180 2197 2311 2247 κοινόν,

1260 2261 1385 2312 ἐπάγει
1403 2259 1456 2298 ὅτι
1484 2260 1544 2299 καὶ
1563 2260 1622 2298 τὸν
1642 2258 1764 2312 χρόνον
1795 2260 1829 2297 ἐν
1859 2262 1903 2311 τῇ
1936 2256 2098 2311 συνεχείᾳ
2136 2256 2197 2295 ἕνα
2224 2249 2313 2295 εἶναι

1259 2319 1346 2373 χρή,
1371 2313 1441 2358 οἷον
1474 2321 1504 2358 εἲ
1539 2321 1558 2358 ὁ
1575 2318 1771 2372 Σωκράτης
1801 2318 1974 2368 μανθάνοι
1996 2315 2247 2370 γραμματικὴν
2274 2317 2310 2354 ἐν

1261 2387 1401 2435 συνεχεῖ
1420 2381 1558 2435 χρόνῳ·
1588 2381 1653 2434 μία
1671 2381 1740 2434 γὰρ
1759 2381 1848 2427 αὕτη
1869 2383 1891 2428 ἡ
1915 2378 2052 2427 κίνησίς
2072 2381 2180 2427 ἐστιν,
2203 2378 2254 2416 ὅτι
2271 2377 2311 2416 τὸ

1259 2529 1401 2562 dicimus
1433 2537 1524 2566 esse,
1553 2527 1660 2571 quod,
1680 2531 1715 2565 in
1753 2537 1821 2571 quc
1854 2529 1887 2560 et
1918 2525 2067 2570 quando.
2093 2525 2174 2559 Dico
2197 2527 2310 2558 autem

1261 2587 1368 2630 quod,
1388 2586 1546 2630 quoniam
1572 2595 1705 2620 necesse
1731 2589 1782 2620 est
1803 2588 1837 2620 et
1857 2594 1928 2619 esse
1944 2585 2092 2628 aliquid,
2121 2584 2212 2628 quod
2235 2594 2311 2617 mo-

1259 2650 1368 2686 vetur,
1390 2648 1426 2679 ut
1448 2646 1618 2679 hominem
1636 2647 1695 2679 aut
1727 2655 1866 2686 aurum,
1884 2647 1918 2678 et
1953 2645 1987 2677 in
2008 2644 2122 2687 aliquo
2146 2644 2209 2676 hoc
2235 2653 2311 2676 mo-

1260 2706 1351 2745 veri,
1381 2707 1419 2738 ut
1446 2705 1481 2738 in
1515 2705 1604 2744 loco,
1638 2706 1697 2738 aut
1720 2704 1756 2738 in
1788 2703 1937 2745 affcctu3
1963 2706 1997 2737 et
2018 2703 2151 2746 quando
2180 2714 2189 2736 ς
2215 2712 2312 2735 omne

1260 2766 1347 2799 enim
1367 2765 1458 2809 quod
1483 2766 1649 2804 movetur,
1680 2765 1716 2797 in
1744 2766 1895 2807 tempore
1912 2766 2076 2796 movetur.
2098 2764 2224 2795 Horum
2248 2772 2311 2795 au-

1259 2828 1327 2858 tem
1347 2834 1465 2867 genere
1481 2824 1619 2867 quidem
1636 2825 1695 2857 aut
1711 2823 1821 2867 specie
1842 2833 1946 2856 unum
1962 2831 2034 2857 esse
2058 2822 2092 2855 in
2118 2831 2171 2863 re,
2189 2822 2224 2854 in
2244 2831 2312 2864 qua

1260 2887 1370 2917 motus
1397 2885 1453 2925 fit,
1480 2885 1619 2917 constat.
1658 2883 1865 2917 Cohaercntia
1890 2892 1970 2916 vero
1994 2883 2029 2915 in
2056 2884 2205 2925 tempore
2228 2883 2308 2914 erat.

1261 2946 1302 2977 At
1322 2953 1392 2977 esse
1408 2943 1602 2986 simpliciter
1617 2951 1722 2975 unum
1739 2942 1774 2975 in
1789 2942 1954 2975 universis
1972 2942 2024 2974 his
2041 2941 2159 2984 liquet.
2180 2940 2311 2974 Etenim

1260 3003 1295 3035 id
1311 3002 1344 3035 in
1363 3011 1431 3045 quo
1465 3003 1503 3034 fit
1519 3004 1648 3041 motus,
1668 3010 1772 3034 unum
1788 3003 1822 3034 ct
1839 2991 2050 3034 individuum
2068 3009 2140 3033 esse
2163 3001 2309 3042 oporiet,

1261 3063 1367 3096 veluti
1397 3062 1556 3102 formam,
1587 3060 1780 3105 pariterque
1807 3062 1917 3104 ipsum
1949 3060 2101 3105 quando,
2123 3062 2162 3093 nt
2179 3062 2312 3102 tempus

1262 3133 1364 3156 unum
1394 3131 1484 3162 csse,
1503 3131 1611 3165 neque
1639 3122 1834 3163 intermitti3
1858 3131 1955 3165 porro
1984 3121 2018 3154 id
2046 3120 2137 3163 quod
2158 3121 2312 3152 movetur

1261 3191 1365 3214 unum
1384 3191 1448 3214 non
1461 3190 1520 3224 per
1537 3181 1689 3215 accidens
1708 3191 1797 3222 esse,
1818 3183 1854 3213 ut
1868 3180 1980 3213 album
1998 3180 2181 3220 nigrescere
2195 3180 2228 3211 et
2245 3178 2311 3211 Go-

1261 3241 1383 3274 riscum
1407 3241 1588 3274 ambulare.
1609 3243 1722 3274 Unum
1739 3242 1852 3274 autem
1870 3242 1920 3274 est
1941 3239 2097 3273 Coriscus
2118 3240 2152 3271 ct
2177 3237 2289 3270 album
2302 3260 2310 3270 .

1264 3301 1321 3334 sed
1340 3310 1397 3343 per
1422 3301 1582 3334 accidens.
1609 3303 1726 3344 Neque
1744 3309 1943 3333 commune:
1973 3299 2042 3332 fieri
2071 3298 2156 3331 enim
2182 3298 2309 3339 potest,

1261 3362 1300 3393 ut
1315 3361 1382 3394 duo
1401 3360 1500 3394 simul
1522 3361 1673 3394 homines
1697 3360 1811 3393 eadem
1842 3359 2010 3392 sanatione
2033 3357 2125 3390 verbi
2149 3364 2248 3388 causa
2269 3363 2311 3387 ex

1262 3421 1433 3454 oculorum
1455 3420 1571 3454 morbo
1593 3420 1833 3455 convalescant.
1853 3421 1896 3452 At
1919 3427 1985 3451 non
2011 3426 2096 3450 unus
2117 3416 2172 3448 hic
2199 3416 2309 3448 motus

1262 3482 1330 3521 est,
1348 3480 1407 3514 sod
1425 3480 1534 3523 specie.
1548 3489 1646 3513 unus.
