2528 3788
290 201 367 241 126

343 289 597 340 (Plutarchus
630 289 678 327 de
703 286 925 328 Stoicorum
956 302 1119 343 repugn.
1149 305 1232 344 cap.
1267 300 1316 340 24

289 350 364 387 vol.
387 347 496 397 XIII,
520 361 610 399 pag.
635 348 709 395 374
727 347 790 388 ed.
814 347 972 389 Hutten.
997 349 1071 388 Hic
1097 363 1184 389 cum
1217 352 1317 391 alio-

288 420 374 445 rum
409 406 728 458 philosophorum
743 436 754 454 ,
791 416 871 446 tum
911 407 1139 448 Xenocratis
1176 411 1318 462 placita

287 466 450 504 obscure
469 466 708 515 significavit
731 465 990 519 Chrysippus.
1013 469 1233 508 Dialecticae
1251 484 1317 509 au-

284 533 357 562 tem
390 525 627 575 principium
657 524 892 565 Xenocrates
920 527 1034 566 duxit
1054 541 1076 565 a
1099 531 1212 581 φωνῆς
1233 529 1316 568 sive

283 584 394 621 vocis
415 584 747 632 consideratione,
767 599 846 636 quo
864 587 1023 625 nomine
1039 589 1314 638 reprehensum

282 654 364 679 esse
413 642 530 680 refert
562 642 809 694 Porphyrius
847 644 895 682 ad
931 643 1081 684 Musica
1119 645 1316 685 Ptolemaei

281 714 321 751 p·
349 701 467 751 ¹93·)
1021 725 1051 753 x

334 773 384 801 54.
417 761 636 814 Ξενοκράτης
656 762 690 800 δὲ
714 765 804 814 τρεῖς
832 778 935 817 φησιν
965 762 1084 808 οὐσίας
1104 758 1217 812 εἶναι,
1251 763 1314 812 τὴν

284 817 347 868 μὲν
367 820 548 868 αἰσθητήν,
561 819 624 868 τὴν
647 821 681 859 δὲ
698 821 843 869 νοητήν,
862 820 925 869 τὴν
947 820 983 860 δὲ
1003 821 1161 861 σύνθετον
1180 822 1240 861 καὶ
1260 823 1315 862 δο-

282 876 432 928 ξαστήν,
452 872 499 917 ῶν
532 879 700 927 αἰσθητὴν
733 879 794 930 μὲν
816 873 904 918 εἶναι
931 879 995 928 τὴν
1029 882 1121 924 ἐντὸς
1149 883 1314 933 οὐρανοῦ,

280 936 405 983 νοητὴν
425 936 460 974 δὲ
479 936 617 974 πάντων
632 939 699 975 τῶν
720 937 816 982 ἐκτὸς
836 938 981 990 οὐρανοῦ
996 966 1007 985 ,
1024 937 1191 986 δοξαστὴν
1207 939 1242 977 δὲ
1256 939 1315 977 καὶ

281 993 440 1034 σύνθετον
459 995 521 1041 τὴν
543 997 648 1034 αὐτοῦ
673 999 732 1034 τοῦ
754 997 921 1048 οὐρανοῦ·
946 996 1052 1049 ὁρατὴ
1074 996 1137 1046 μὲν
1155 998 1221 1050 γάρ
1241 1000 1314 1036 ἐστι

281 1055 323 1103 τῇ
341 1052 498 1100 αἰσθήσει
515 1084 524 1102 ,
544 1053 651 1100 νοητὴ
677 1053 711 1093 δὲ
728 1054 770 1092 δι’
794 1055 1039 1107 ἀστρολογίας.
1061 1056 1203 1094 Τούτων
1230 1055 1314 1107 μέν-

280 1124 334 1148 τοι
354 1115 471 1150 τοῦτον
491 1111 642 1164 ἐχόντων
659 1111 718 1151 τὸν
736 1112 882 1164 τρόπον,
903 1115 965 1160 τῆς
978 1113 1040 1164 μὲν
1058 1114 1154 1158 ἐκτὸς
1169 1116 1314 1167 οὐρανοῦ

281 1168 341 1207 καὶ
366 1173 488 1217 νοητῆς
508 1170 625 1213 οὐσίας
653 1170 829 1223 κριτήριον
854 1171 1062 1223 ἀπεφαίνετο
1083 1172 1145 1219 τὴν
1174 1173 1316 1221 ἐπιστή-

282 1243 370 1277 μην,
388 1231 448 1275 τῆς
468 1228 503 1267 δὲ
522 1229 615 1272 ἐντὸς
636 1230 673 1267 οὐ
682 1234 782 1282 ρανοῦ
802 1230 860 1268 καὶ
878 1232 1044 1278 αἰσθητῆς
1060 1229 1121 1277 τὴν
1140 1230 1314 1283 αἴσθησιν,

280 1287 341 1332 τῆς
361 1286 396 1324 δὲ
419 1290 543 1337 μικτῆς
570 1286 633 1333 τὴν
653 1286 771 1331 δόξαν·
792 1287 852 1325 καὶ
874 1287 1006 1326 τούτων
1037 1289 1158 1332 κοινῶς
1187 1289 1226 1327 τὸ
1252 1289 1313 1340 μὲν

279 1343 335 1382 διὰ
367 1349 426 1384 τοῦ
455 1347 722 1395 ε’πιστημονικοῦ
757 1347 860 1396 λόγου
891 1346 1066 1398 κριτήριον
1101 1346 1242 1398 βέὸαιόν
1275 1363 1314 1386 τε

280 1402 448 1456 ὑπάρχειν
466 1403 525 1442 καὶ
547 1404 690 1451 ἀληθές,
710 1404 748 1441 τὸ
769 1404 804 1442 δὲ
826 1403 880 1441 διὰ
899 1407 959 1451 τῆς
978 1404 1171 1452 αἰσθήσεως
1191 1404 1314 1451 ἀληθὲς

280 1460 360 1510 μέν,
380 1464 446 1514 οὐχ
460 1462 551 1500 οὕτω
571 1462 607 1500 δὲ
627 1465 673 1506 ὡς
689 1461 727 1500 τὸ
751 1462 807 1501 διὰ
823 1465 884 1501 τοῦ
902 1464 1170 1512 ε’πιστημονικοῢ
1192 1464 1310 1516 λόγου,

277 1518 316 1557 τὸ
345 1519 381 1557 δὲ
401 1521 559 1559 σύνθετον
589 1520 703 1559 κοινὸν
726 1522 875 1570 ἀληθοῦς
895 1537 933 1560 τε
954 1522 1013 1561 καὶ
1035 1524 1178 1575 ψευδοῦς
1198 1523 1313 1577 ὓπᾶρ-

276 1592 370 1630 χειν·
386 1581 449 1626 τῆς
467 1580 533 1632 γὰρ
551 1578 650 1626 δόξης
668 1580 730 1626 τὴν
753 1579 815 1629 μέν
838 1595 914 1617 τινα
931 1581 1044 1628 ἀληθῆ
1066 1574 1154 1619 εἶναι
1166 1611 1176 1629 ,
1195 1580 1258 1630 τὴν
1277 1582 1314 1621 δὲ

276 1638 398 1689 ψευδῆ.
420 1638 527 1676 ”οθεν
548 1637 607 1675 καὶ
621 1643 710 1689 τρεῖς
731 1637 867 1690 Μοίρας
885 1639 1166 1691 παραδεδόσθαι,
1188 1638 1311 1693 Ἄτρο-

275 1711 340 1734 πον
362 1696 423 1745 μὲν
443 1696 505 1742 τὴν
526 1697 593 1734 τῶν
613 1699 745 1743 νοητῶν
758 1727 769 1747 ,
789 1697 1002 1747 ἀμετάθετον
1026 1692 1132 1736 οὖσαν
1145 1729 1155 1747 ,
1176 1698 1312 1738 Κλωθὼ

278 1754 314 1791 δὲ
336 1753 399 1801 τὴν
416 1757 483 1793 τῶν
504 1757 677 1803 αἰσθητῶν
691 1785 701 1803 ,
718 1755 874 1807 Λάχεσιν
895 1756 931 1794 δὲ
951 1756 1014 1804 τὴν
1032 1759 1099 1795 τῶν
1115 1757 1307 1802 δοξαστῶν.

330 1813 490 1864 (Sextus
511 1812 727 1864 Empiricus
747 1815 833 1852 adv.
863 1815 981 1854 Math.
1004 1814 1072 1852 lib.
1095 1815 1181 1863 Vll,
1210 1822 1311 1865 147-

280 1878 353 1921 149
375 1885 464 1922 pag.
489 1878 561 1916 402
583 1872 641 1911 ed.
673 1872 837 1920 Fabri03
860 1886 949 1924 pag.
975 1874 1049 1911 223
1071 1874 1130 1911 ed.
1150 1875 1307 1913 Bekker.

274 1929 385 1968 Conf.
405 1931 486 1969 Cic.
505 1931 648 1976 Quaest.
673 1931 790 1970 Acad.
813 1930 884 1968 lib.
907 1931 935 1977 Ι,
963 1944 1044 1982 cap.
1061 1932 1123 1980 8.)

330 2002 379 2028 55.
400 1988 600 2040 Ἰδιαίτερον
630 1988 665 2027 δὲ
687 1989 784 2041 παρὰ
803 1988 880 2033 τοὺς
902 1990 1025 2034 ἄλλους
1044 1993 1062 2028 ὃ
1086 1989 1309 2043 Ξενοκράτης

273 2173 314 2205 ab
326 2172 366 2204 iis
383 2172 560 2204 tractatum
579 2171 768 2212 traducere3
782 2171 840 2204 sed
850 2181 954 2214 quum
968 2171 1015 2204 ita
1024 2173 1176 2204 accurate
1199 2171 1305 2204 diale-

274 2230 367 2263 cticae
395 2232 555 2272 praecepta
585 2230 801 2270 tradiderint,
823 2232 861 2262 ut
876 2230 935 2273 qui
963 2239 1033 2263 eam
1057 2232 1140 2263 mter
1166 2239 1309 2264 summas

273 2289 476 2330 maximeque
488 2288 685 2322 necessarias
708 2288 880 2321 facultates
897 2287 1067 2328 haberent,
1084 2297 1150 2320 non
1164 2290 1215 2322 est
1232 2298 1307 2330 pro—

272 2347 377 2380 babile
395 2346 544 2379 bomines
563 2346 708 2379 universi
722 2347 990 2388 contemplatione
1006 2347 1182 2387 occupatos
1199 2370 1209 2386 ‚
1225 2354 1308 2386 qua-

271 2405 319 2438 les
337 2405 444 2438 animo
459 2405 620 2446 fingimus,
639 2406 765 2437 tanturn
784 2413 803 2435 a
822 2412 900 2436 vero
919 2403 1100 2436 aberrasse.

316 2468 367 2498 54.
392 2466 588 2498 Xenocrates
604 2467 672 2498 tres
687 2467 819 2497 naturas
833 2473 905 2497 esse
921 2464 976 2504 ait,
998 2473 1099 2497 unam
1112 2464 1306 2503 sensibilem,

280 2525 379 2558 aliam
404 2525 656 2566 intelligibilem,
675 2525 806 2557 tertiam
818 2524 1031 2566 compositam
1049 2528 1083 2557 et
1094 2524 1304 2566 opinabilem,

272 2592 291 2615 e
314 2583 431 2625 quibus
457 2583 620 2616 sensibilis
639 2582 682 2615 sit
702 2582 785 2615 infra
804 2583 942 2624 coelum,
960 2582 1170 2624 intelligibilis
1196 2590 1308 2615 eorum

273 2643 421 2675 omnium
449 2650 524 2683 quae
548 2643 625 2674 sunt
649 2650 747 2684 supra
773 2642 906 2682 coelum,
935 2641 1107 2684 opinabilis
1138 2642 1249 2674 autem
1275 2642 1309 2674 et

271 2701 450 2743 composita
467 2700 570 2742 ipsius
587 2701 677 2741 coeli3
698 2702 748 2733 est
766 2701 853 2733 enim
879 2701 1088 2744 aspectabilis
1111 2700 1232 2741 sensui,
1249 2709 1307 2742 per

273 2761 479 2803 astrologiam
497 2769 576 2793 vero
593 2760 627 2792 in
644 2760 888 2802 intelligentiam
915 2760 1013 2793 cadit.
1033 2762 1115 2798 Quae
1136 2769 1242 2801 quum
1261 2759 1307 2792 ita

275 2821 338 2852 sint
351 2844 359 2859 ‚
373 2821 499 2851 naturae
517 2827 615 2860 super
630 2818 749 2850 coelum
765 2819 880 2850 locatae
892 2820 926 2851 et
942 2818 1152 2860 intelligibilis
1160 2818 1306 2861 judicem

271 2876 440 2910 constituit
458 2875 637 2915 scientiam,
657 2875 743 2907 infra
756 2875 875 2907 coelum
888 2875 998 2907 autem
1016 2875 1131 2917 positae
1152 2877 1187 2908 et
1202 2874 1306 2907 sensi-

214 2949 216 2951 ·
274 2936 349 2968 bilis
377 2944 520 2975 sensum,
541 2934 653 2966 mixtae
676 2934 813 2975 denique
844 2934 1034 2975 opinionem.
1059 2935 1165 2975 Atque
1193 2943 1234 2967 ex
1257 2934 1307 2966 his

272 2993 489 3027 communiter
519 2991 678 3032 judicium
707 2991 830 3024 ratione
863 2992 1009 3025 scientiae
1036 2993 1165 3034 propria
1191 2993 1306 3025 nixum

274 3054 401 3086 certum
417 3060 489 3085 esse
504 3053 538 3084 et
558 3060 693 3092 verum,
710 3051 769 3084 sed
789 3050 869 3083 illud
883 3051 970 3092 quod
990 3060 1087 3084 sensu
1107 3041 1232 3084 nitatur
1246 3061 1303 3085 ve-

278 3122 354 3146 rum
366 3112 509 3154 quidem,
528 3114 560 3144 at
573 3121 636 3143 non
649 3112 694 3144 ita
703 3112 742 3144 ut
756 3111 834 3143 illud
852 3111 941 3152 quod
953 3120 1011 3152 per
1026 3112 1185 3145 rationem
1204 3111 1305 3144 seien-

272 3173 330 3206 tiae
355 3172 519 3215 propriam
548 3171 623 3211 tiat3
651 3171 866 3213 compositum
892 3167 971 3203 vero
993 3180 1163 3203 commune
1181 3171 1305 3204 veriet

273 3232 347 3264 falsi
366 3240 437 3264 esse
457 3243 466 3263 ε
492 3239 567 3263 nam
580 3230 766 3272 opinionum
782 3229 861 3261 alias
878 3238 950 3261 esse
972 3237 1077 3269 veras,
1097 3229 1176 3262 alias
1192 3229 1302 3261 falsas.

272 3286 430 3325 Quocirca
447 3285 546 3318 etiam
570 3286 638 3317 tres
656 3285 776 3316 Part-as
797 3292 869 3316 esse
885 3283 1056 3323 traditum,
1073 3285 1216 3325 Atropon
1238 3283 1301 3315 do-

270 3345 392 3379 minam
417 3353 528 3378 rerum
549 3342 796 3385 intelligibilium
809 3367 818 3383 ,
847 3343 960 3383 utpote
988 3351 1061 3382 quae
1093 3342 1304 3374 immutabilis

273 3403 328 3445 sit,
354 3403 473 3438 Clotho
491 3401 710 3443 sensibilium,
732 3400 887 3435 Lachesin
905 3400 1126 3442 opinabilium.

1167 242 1175 252 ἰ
1185 203 1504 246 XENOCRATIS

1378 295 1437 334 καὶ
1462 295 1536 339 ταῖς
1564 292 1691 338 ἑνικαῒς
1709 292 1865 332 πτώσεσι
1892 291 2070 346 χρώμενος
2089 294 2219 350 ἔφασκε
2240 311 2257 330 α
2280 300 2350 334 πᾶν
2368 295 2410 336 τὸ

1378 353 1415 392 ὂν
1432 354 1454 402 ἢ
1477 352 1603 404 ἀγαθόν
1625 354 1715 391 ἐστιν
1736 351 1758 398 ἢ
1774 352 1880 390 κακόν
1895 352 1986 390 ἔστιν
1998 351 2048 401 ,ἢ
2068 351 2146 392 οὔτε
2165 355 2292 406 ἀγαθόν
2311 354 2407 409 ἔστιν
2458 390 2459 394 ,
2490 351 2499 390 F

1379 411 1458 451 οὔτε
1477 411 1583 451 κακόν
1605 414 1710 452 ἔστιν.
1735 430 1749 445 υ
1769 410 1841 450 Καὶ
1857 412 1925 450 τῶν
1940 412 2070 451 λοιπῶν
2091 411 2286 465 φιλοσόφων
2302 410 2412 468 χωρὶς

1380 470 1583 517 ἀποδείξεως
1603 470 1665 517 τὴν
1686 470 1850 518 τοιαύτην
1870 469 2034 523 διαίρεσιν
2058 471 2292 523 προσιεμένων
2309 468 2412 518 αὖτὸς

1380 530 1489 569 ἐδόκει
1511 530 1570 569 καὶ
1591 528 1764 573 ἀπόδειξιν
1787 528 2166 581 συμπαραλαμὸἄνειν.
2189 530 2234 569 Εἰ
2253 529 2319 583 γὰρ
2334 528 2412 577 ἔστι

1378 606 1411 628 τι
1430 587 1685 642 κεχωρισμένον
1711 594 1858 640 πρᾶγμα
1880 590 1948 627 τῶν
1972 589 2111 639 ἀγαθῶν
2131 586 2191 627 καὶ
2210 589 2329 628 κακῶν
2348 583 2410 628 id)

1377 650 1445 686 τῶν
1469 647 1558 698 μήτε
1590 648 1727 697 ἀγαθῶν
1758 645 1846 696 μήτε
1875 647 2013 694 κακῶν,
2036 647 2143 684 ἐκεῖνο
2169 644 2248 693 ἤτοι
2281 643 2410 697 ἀγαθόν

1378 707 1470 744 ἐστιν
1500 704 1522 752 ἢ
1544 706 1605 743 οὔκ
1631 705 1724 743 ἔστιν
1747 703 1884 756 ἀγαθόν.
1910 703 1981 744 Καὶ
2004 706 2034 743 εἷ
2061 703 2123 753 μὲν
2144 703 2271 756 ἀγαθόν
2289 698 2407 754 ἔστινὲ,

1376 763 1412 803 ἓν
1431 766 1500 802 τῶν
1519 765 1622 815 τριῶν
1643 762 1843 813 γενήσεται’
1861 764 1890 801 εἶ
1909 764 1938 801 δ’
1959 765 2021 802 οὐκ
2040 763 2133 802 ἔστιν
2160 761 2313 815 ἀγαθόν,
2329 761 2409 812 ἤτοι

1377 822 1482 861 κακόν
1506 825 1598 861 ἐστιν
1624 820 1647 869 ἢ
1668 822 1754 860 ,οὔτε
1779 821 1885 870 κακόν
1918 823 2009 860 ἔστιν
2032 820 2110 860 οὔτε
2140 819 2268 872 ἀγαθόν
2298 816 2411 860 ἔστιν·

1377 880 1444 919 εἴτε
1462 879 1498 919 δὲ
1519 881 1625 919 κακόν
1646 883 1759 928 ἐστιν,
1779 879 1816 918 ἓν
1846 883 1913 918 τῶν
1934 882 2037 933 τριῶν
2058 878 2225 932 ὗπάρξει,
2243 877 2312 918 εἴτε
2331 877 2409 918 οὔτε

1378 938 1504 991 ἀγαθόν
1537 941 1629 978 ἐστιν
1649 939 1727 978 οὔτε
1750 938 1857 978 κακόν
1893 940 1988 986 ἐστι,
2009 938 2112 977 πάλιν
2145 937 2181 977 ἓν
2211 940 2279 977 τῶν
2306 939 2409 991 τριῶν

1375 998 1644 1046 καταστήσεται.
1668 1000 1748 1038 Πᾶν
1779 997 1847 1049 ἄρα
1871 997 1910 1035 τὸ
1942 996 1979 1036 ὂν
2010 997 2090 1045 ἤτοι
2109 995 2236 1049 ἀγαθόν
2267 998 2360 1036 ἐστιν
2385 995 2408 1044 ἢ

1374 1056 1481 1096 κακόν
1507 1058 1599 1095 ἐστιν
1616 1088 1626 1107 ,
1644 1057 1666 1103 ἢ
1687 1056 1765 1095 οὔτε
1798 1057 1925 1108 ἀγαθόν
1946 1058 2038 1095 ἐστιν
2065 1055 2143 1095 οὔτε
2170 1055 2276 1095 κακόν
2298 1056 2406 1096 ἔστιν.

1376 1115 1532 1166 Δυνάμει
1559 1115 1595 1154 δὲ
1626 1115 1686 1153 καὶ
1720 1109 1815 1159 οῧτος
1836 1115 1943 1167 χωρὶς
1976 1114 2179 1159 ἀποδείξεως
2208 1113 2410 1168 προσήκατο

1376 1173 1438 1222 τὴν
1460 1172 1623 1227 διαίρεσιν
1636 1203 1647 1224 ,
1668 1173 1809 1225 ἐπείπερ
1829 1176 1846 1211 ὃ
1867 1175 1914 1216 εἰς
1933 1173 2152 1220 κατασκευὴν
2172 1173 2278 1220 αὐτῆς
2295 1187 2411 1228 παρα-

1375 1231 1514 1284 ληφθεὶς
1532 1231 1631 1282 λόγος
1647 1232 1713 1284 οὔχ
1731 1231 1843 1284 ἕτερός
1864 1233 1954 1270 ἔστιν
1970 1234 2091 1278 αὐτῆς·
2108 1230 2183 1269 ὅθεν
2205 1232 2235 1269 εἶ
2254 1231 2288 1269 ἔν
2303 1233 2410 1283 ἑαυτῇ
2473 1286 2475 1288 Ι

1376 1290 1585 1341 περιέσχηκε
1606 1289 1668 1336 τὴν
1687 1287 1839 1337 πίστινή
1860 1288 2031 1334 ἀπόδειξις
2045 1318 2055 1337 ,
2082 1289 2180 1329 ἔσται
2199 1288 2259 1327 καὶ
2275 1291 2298 1335 ἡ
2319 1288 2408 1327 διαί·

1380 1362 1468 1400 ρεσις
1486 1347 1521 1391 ἐξ
1541 1349 1664 1393 ἑαυτῆς
1683 1346 1790 1393 πιστὴ
1813 1346 1861 1397 μὴ
1885 1346 2096 1399 διαφέρουσα
2111 1350 2172 1394 τῆς
2189 1344 2406 1391 ἀποδείξεωὲ.

1433 1405 1595 1457 (Sextus
1615 1405 1836 1456 Empiricus
1862 1405 1951 1444 adv.
1973 1405 2091 1444 Math.
2119 1401 2191 1444 lib.
2216 1398 2298 1453 xl,
2318 1404 2407 1454 4-6,

1376 1477 1464 1516 pag.
1487 1465 1561 1513 692
1586 1464 1646 1502 ed.
1670 1463 1830 1511 Fabric3
1855 1476 1943 1514 pag.
1965 1463 2041 1509 546
2062 1463 2123 1502 ed.
2145 1463 2329 1515 Rekita.)

1427 1535 1476 1562 56.
1501 1523 1650 1561 Ἐκεῖνοι
1678 1521 1740 1572 μὲν
1769 1521 1837 1575 γὰρ
1863 1521 1945 1560 ὅταν
1978 1525 2086 1574 φῶσιν
2106 1521 2230 1575 ἑτέρως
2247 1520 2409 1574 λέγεσθαι

1378 1580 1504 1631 ἀγαθὸν
1525 1579 1586 1626 τὴν
1608 1579 1701 1618 ἰδέαν
1721 1610 1730 1628 ,
1752 1579 1813 1619 καὶ
1839 1579 1961 1631 ἑτέρως
1979 1579 2017 1618 τὸ
2038 1581 2185 1633 μετέχον
2212 1582 2272 1627 τῆς
2291 1579 2406 1627 ἰδέας,

1379 1637 1621 1689 σημαινόμενα
1642 1637 1830 1677 ἐκτίθενται
1848 1638 1909 1677 καὶ
1929 1637 2021 1677 κατὰ
2044 1638 2134 1678 πολὺ
2154 1636 2316 1685 ἀλλήλων
2334 1638 2403 1676 διε-

1374 1699 1489 1736 στῶτα
1503 1728 1512 1745 ,
1535 1697 1595 1735 καὶ
1616 1695 1790 1747 μηδεμίαν
1811 1695 1935 1749 ἔχοντα
1954 1696 2149 1737 κοινωνίαν.
2354 1691 2359 1696 '

1432 1756 1595 1806 (Sextus
1617 1756 1840 1806 Empiricus
1873 1755 1961 1796 adv.
1986 1756 2105 1797 Math.
2129 1755 2202 1796 lib.
2236 1754 2316 1803 XI,
2341 1755 2406 1803 28,

1374 1828 1462 1866 pag.
1486 1815 1560 1863 696
1578 1815 1640 1853 ed.
1659 1813 1926 1866 Fabric3-pag.
1946 1815 2018 1853 551
2039 1815 2100 1855 ed.
2122 1809 2410 1856 Bekker.'l>ost-

1374 1886 1488 1924 quam
1511 1872 1611 1910 dixit
1629 1886 1651 1910 a
1679 1873 1840 1911 Platone
1870 1882 1907 1911 et
1931 1872 2148 1912 Xenocrate
2169 1866 2302 1912 multis
2320 1886 2408 1912 mo—

1373 1932 1433 1969 dis
1450 1932 1644 1970 nominari
1665 1931 1810 1970 bonum
1825 1961 1837 1980 ,
1856 1934 1912 1971 sic
1934 1935 2061 1984 pergit
2082 1947 2091 1971 :
2114 1933 2238 1972 ἐκεῖνοι
2257 1932 2322 1985 μὲν
2339 1932 2408 1986 γὰρ

1373 1990 1451 2030 κτλ.
1469 1991 1479 2040 )

1411 2175 1463 2205 55.“
1484 2173 1638 2204 Seorsum
1662 2180 1739 2204 vero
1764 2181 1783 2204 a
1810 2172 1938 2204 eaeteris
1964 2173 2165 2206 Xenocrates
2183 2175 2218 2207 et
2233 2165 2408 2217 singularis

1368 2230 1493 2263 numeri
1506 2230 1634 2263 casibus
1651 2232 1746 2262 utens
1762 2230 1890 2263 dicebat
1907 2240 1915 2260 ε
1932 2230 2109 2273 Quidquid
2121 2235 2184 2273 esc,
2202 2233 2258 2266 vel
2274 2232 2405 2267 bonum

1370 2290 1426 2322 vel
1434 2290 1567 2322 malum
1583 2291 1643 2329 est,
1658 2290 1714 2322 vel
1723 2298 1834 2332 neque
1850 2290 1979 2323 bonum
1992 2300 2100 2333 neque
2117 2293 2265 2326 malum.
2282 2295 2406 2332 Quum-

1369 2357 1433 2389 que
1457 2349 1574 2391 reliqui
1592 2348 1777 2390 philosophi
1802 2349 1873 2380 sine
1890 2348 2165 2382 demonstratione
2187 2347 2288 2382 talem
2315 2349 2401 2383 divi-

1369 2406 1492 2439 sionem
1512 2407 1733 2447 admitterent,
1754 2406 1825 2449 ipse
1843 2407 1942 2440 etiam
1973 2407 2070 2440 simul
2093 2402 2403 2442 demonstrationem

1368 2474 1532 2498 assumere
1547 2465 1726 2498 videbatur.
1745 2466 1826 2496 Nam
1840 2464 1868 2497 si
1884 2467 1934 2498 est
1947 2464 2084 2506 alliquid
2096 2465 2288 2498 diver-suma
2305 2465 2404 2500 rebus

1368 2523 1463 2556 bonis
1488 2523 1538 2556 vel
1563 2523 1658 2556 malis
1682 2523 1735 2555 vel
1749 2532 1855 2564 neque
1870 2523 1966 2556 bonis
1989 2533 2095 2565 neque
2118 2523 2327 2564 malis,illud
2347 2524 2404 2558 vel

1367 2583 1488 2615 bonum
1503 2583 1563 2621 est,
1583 2582 1635 2614 vel
1655 2575 1719 2614 non
1737 2584 1787 2614 est
1804 2582 1923 2615 bonum
1945 2593 1954 2614 τ
1973 2582 2008 2615 ct
2025 2582 2051 2614 si
2070 2581 2191 2615 honum
2207 2583 2259 2616 est
2270 2607 2278 2623 ‚
2299 2591 2404 2616 unum

1367 2650 1385 2673 e
1402 2640 1509 2674 tribus
1524 2640 1604 2673 erit:
1624 2640 1652 2672 si
1676 2650 1755 2673 vero
1776 2649 1838 2672 non
1866 2641 1916 2672 est
1935 2640 2162 2681 bouum„aut
2183 2640 2306 2678 malum
2324 2641 2399 2682 erit,

1375 2702 1434 2732 aut
1451 2708 1556 2740 neque
1578 2699 1698 2732 malum
1723 2708 1828 2740 neque
1842 2699 1962 2731 bonum
1984 2711 1991 2731 ε
2012 2698 2070 2732 sed
2095 2699 2164 2732 sive
2181 2699 2307 2733 malum
2328 2701 2398 2742 est,

1367 2767 1469 2791 unum
1484 2766 1502 2791 e
1520 2758 1624 2791 tribus
1643 2758 1715 2799 erit,
1737 2758 1806 2791 sive
1821 2766 1927 2800 neque
1945 2757 2066 2790 bonum
2082 2766 2184 2800 neque
2202 2758 2326 2793 malum
2334 2761 2398 2799 est,

1367 2827 1481 2850 rursus
1502 2827 1604 2850 unum
1632 2827 1650 2850 e
1681 2817 1787 2850 tribus
1815 2816 1882 2850 liet‘.
1909 2816 2077 2858 Quidquid
2110 2816 2211 2857 igitur
2242 2818 2308 2858 est,
2347 2817 2400 2851 vel

1367 2876 1489 2908 bonum
1509 2878 1559 2909 est
1572 2877 1622 2909 vel
1639 2876 1780 2917 malum,
1799 2875 1852 2909 vel
1872 2884 1979 2916 neque
1995 2875 2118 2909 bonum
2134 2885 2240 2917 neque
2260 2875 2398 2910 maium.

1367 2935 1429 2967 Sed
1448 2937 1597 2977 potentia
1614 2937 1647 2968 et
1664 2935 1717 2968 hic
1735 2935 1804 2969 sine
1822 2933 2100 2970 demonstratione
2117 2935 2312 2969 divisionem
2336 2936 2397 2970 ad-

1366 2994 1476 3035 misit,
1495 2994 1646 3035 quoniam
1666 2994 1749 3027 ratio
1770 2994 1809 3026 ad
1825 3002 1894 3026 rem
1918 2993 2118 3034 probandam
2138 2993 2236 3027 allata
2256 2994 2298 3026 ab
2330 2994 2399 3036 ipsa

1366 3061 1430 3084 non
1452 3051 1572 3085 differt.
1605 3052 1813 3093 Quapropter
1839 3050 1868 3083 si
1895 3059 2014 3092 reapse
2045 3050 2142 3084 fidem
2169 3051 2247 3085 facit
2263 3048 2398 3084 demoli-

1367 3111 1495 3151 stratio‚
1516 3111 1577 3143 erit
1594 3110 1693 3143 etiam
1710 3118 1768 3151 per
1787 3118 1823 3142 se
1839 3108 2003 3142 credibilis
2024 3109 2160 3150 divisio,
2181 3109 2302 3152 quippe
2322 3118 2398 3152 quae

1366 3178 1385 3202 a
1407 3170 1681 3202 demonstratione
1696 3178 1759 3201 non
1777 3168 1949 3210 discrepet.

1409 3230 1459 3258 56.
1490 3226 1540 3259 Illi
1566 3226 1653 3259 enim
1678 3225 1808 3267 quando
1831 3225 1992 3258 affirmant
2012 3225 2105 3258 aliter
2123 3225 2190 3259 dici
2209 3226 2333 3260 bonum
2353 3228 2392 3262 ut

1370 3285 1491 3326 ideam,
1508 3285 1603 3318 aliter
1629 3286 1667 3317 ut
1682 3285 1843 3326 particeps
1858 3283 1958 3323 ideae,
1975 3283 2155 3326 significata
2176 3288 2343 3328 exponunt
2361 3288 2397 3320 et

1365 3344 1505 3375 multum
1526 3343 1611 3376 inter
1624 3352 1659 3376 se
1673 3341 1839 3383 distantia,
1858 3343 1893 3374 et
1917 3350 1993 3383 quae
2010 3341 2093 3375 nihil
2118 3342 2240 3376 habent
2256 3343 2343 3379 inter
2359 3354 2395 3387 se

1365 3409 1545 3434 commune.
