<?xml version="1.0" encoding="UTF-8"?>
<!DOCTYPE html PUBLIC "-//W3C//DTD XHTML 1.0 Transitional//EN"
    "http://www.w3.org/TR/xhtml1/DTD/xhtml1-transitional.dtd">
<html xmlns="http://www.w3.org/1999/xhtml" xml:lang="en" lang="en">
 <head>
  <title>
</title>
<meta http-equiv="Content-Type" content="text/html;charset=utf-8" />
  <meta name='ocr-system' content='tesseract 3.04.00' />
  <meta name='ocr-capabilities' content='ocr_page ocr_carea ocr_par ocr_line ocrx_word'/>
</head>
<body>
  <div class='ocr_page' id='page_1' title='image "./fragmentaphiloso03mulluoft/fragmentaphiloso03mulluoft_0032.png"; bbox 0 0 2528 3788; ppageno 0'>
   <div class='ocr_carea' id='block_1_1' title="bbox 280 223 1636 268">
    <p class='ocr_par' dir='ltr' id='par_1_1' title="bbox 280 223 1636 268">
     <span class='ocr_line' id='line_1_1' title="bbox 280 223 1636 268; baseline 0.002 -6"><span class='ocrx_word' id='word_1_1' title='bbox 280 224 342 262; x_wconf 61' lang='lat' dir='ltr'><strong>le*</strong></span> <span class='ocrx_word' id='word_1_2' title='bbox 1063 223 1265 266; x_wconf 88' lang='lat' dir='ltr'>EUSEBII</span> <span class='ocrx_word' id='word_1_3' title='bbox 1293 226 1636 268; x_wconf 61' lang='lat' dir='ltr'><strong>FRAGMENTA:</strong></span> 
     </span>
    </p>
   </div>
   <div class='ocr_carea' id='block_1_2' title="bbox 274 307 1317 2359">
    <p class='ocr_par' dir='ltr' id='par_1_2' title="bbox 275 307 1312 483">
     <span class='ocr_line' id='line_1_2' title="bbox 275 307 1310 362; baseline 0.004 -14"><span class='ocrx_word' id='word_1_4' title='bbox 275 325 342 348; x_wconf 90' lang='grc' dir='ltr'><strong>νων</strong></span> <span class='ocrx_word' id='word_1_5' title='bbox 367 312 428 358; x_wconf 77' lang='grc' dir='ltr'><strong>τῆς</strong></span> <span class='ocrx_word' id='word_1_6' title='bbox 446 321 569 358; x_wconf 83' lang='grc' dir='ltr'>κακιης</span> <span class='ocrx_word' id='word_1_7' title='bbox 588 311 860 362; x_wconf 78' lang='grc' dir='ltr'>ἐλευθερωθῆναι</span> <span class='ocrx_word' id='word_1_8' title='bbox 874 339 885 359; x_wconf 88' lang='grc'>,</span> <span class='ocrx_word' id='word_1_9' title='bbox 903 310 1012 361; x_wconf 82' lang='grc' dir='ltr'>ὅκως,</span> <span class='ocrx_word' id='word_1_10' title='bbox 1033 312 1152 360; x_wconf 79' lang='grc' dir='ltr'>ἐπειδὴ</span> <span class='ocrx_word' id='word_1_11' title='bbox 1178 315 1239 352; x_wconf 78' lang='grc' dir='ltr'><strong>οὐκ</strong></span> <span class='ocrx_word' id='word_1_12' title='bbox 1254 307 1310 352; x_wconf 77' lang='grc' dir='ltr'><strong>οἶά</strong></span> 
     </span>
     <span class='ocr_line' id='line_1_3' title="bbox 275 363 1312 424; baseline 0.003 -17"><span class='ocrx_word' id='word_1_13' title='bbox 275 385 313 408; x_wconf 93' lang='grc' dir='ltr'><strong>τε</strong></span> <span class='ocrx_word' id='word_1_14' title='bbox 332 373 349 398; x_wconf 72' lang='lat'>⁸</span> <span class='ocrx_word' id='word_1_15' title='bbox 367 363 408 416; x_wconf 69' lang='grc' dir='ltr'>ἧν</span> <span class='ocrx_word' id='word_1_16' title='bbox 435 370 567 418; x_wconf 87' lang='grc' dir='ltr'>ἄλλως,</span> <span class='ocrx_word' id='word_1_17' title='bbox 595 368 706 422; x_wconf 81' lang='grc' dir='ltr'>τούτῳ</span> <span class='ocrx_word' id='word_1_18' title='bbox 730 370 800 420; x_wconf 82' lang='grc' dir='ltr'>γῶν</span> <span class='ocrx_word' id='word_1_19' title='bbox 833 371 851 395; x_wconf 80' lang='lat'><strong>¹¹</strong></span> <span class='ocrx_word' id='word_1_20' title='bbox 868 372 918 422; x_wconf 83' lang='grc' dir='ltr'><strong>τῷ</strong></span> <span class='ocrx_word' id='word_1_21' title='bbox 942 370 1060 424; x_wconf 84' lang='grc' dir='ltr'>τρόπῳ</span> <span class='ocrx_word' id='word_1_22' title='bbox 1086 371 1312 416; x_wconf 84' lang='grc' dir='ltr'>ἀπολυθέντες</span> 
     </span>
     <span class='ocr_line' id='line_1_4' title="bbox 276 426 1172 483; baseline 0.004 -19"><span class='ocrx_word' id='word_1_23' title='bbox 276 431 334 465; x_wconf 82' lang='grc' dir='ltr'><strong>τοῦ</strong></span> <span class='ocrx_word' id='word_1_24' title='bbox 360 429 504 466; x_wconf 80' lang='grc' dir='ltr'>ἐνθαῦτα</span> <span class='ocrx_word' id='word_1_25' title='bbox 521 426 532 450; x_wconf 65' lang='lat'>³</span> <span class='ocrx_word' id='word_1_26' title='bbox 551 429 677 478; x_wconf 78' lang='grc' dir='ltr'>δεσμοῦ</span> <span class='ocrx_word' id='word_1_27' title='bbox 695 428 801 474; x_wconf 77' lang='grc' dir='ltr'>αὐτῆς</span> <span class='ocrx_word' id='word_1_28' title='bbox 819 427 1031 480; x_wconf 89' lang='grc' dir='ltr'>πορίσωνται</span> <span class='ocrx_word' id='word_1_29' title='bbox 1048 430 1172 483; x_wconf 80' lang='grc' dir='ltr'>φυγήν.</span> 
     </span>
    </p>

    <p class='ocr_par' dir='ltr' id='par_1_3' title="bbox 275 486 1315 1075">
     <span class='ocr_line' id='line_1_5' title="bbox 331 486 1309 542; baseline 0.004 -17"><span class='ocrx_word' id='word_1_30' title='bbox 331 487 530 535; x_wconf 78' lang='lat' dir='ltr'><strong>(Stobaeus</strong></span> <span class='ocrx_word' id='word_1_31' title='bbox 549 487 653 527; x_wconf 86' lang='lat' dir='ltr'><strong>Flor.</strong></span> <span class='ocrx_word' id='word_1_32' title='bbox 682 486 817 537; x_wconf 88' lang='lat' dir='ltr'>XLVI,</span> <span class='ocrx_word' id='word_1_33' title='bbox 836 493 882 533; x_wconf 65' lang='grc' dir='ltr'><strong>[ιι</strong></span> <span class='ocrx_word' id='word_1_34' title='bbox 911 491 973 526; x_wconf 80' lang='grc' dir='ltr'><strong>τοῦ</strong></span> <span class='ocrx_word' id='word_1_35' title='bbox 990 489 1111 530; x_wconf 77' lang='grc' dir='ltr'>αὐτοῦ.</span> <span class='ocrx_word' id='word_1_36' title='bbox 1133 489 1279 542; x_wconf 82' lang='lat' dir='ltr'><strong>Scripsi</strong></span> <span class='ocrx_word' id='word_1_37' title='bbox 1300 506 1309 529; x_wconf 69' lang='grc' dir='ltr'>ι</span> 
     </span>
     <span class='ocr_line' id='line_1_6' title="bbox 275 543 1308 601; baseline 0.004 -18"><span class='ocrx_word' id='word_1_38' title='bbox 275 549 290 567; x_wconf 79' lang='lat'><strong>⁸³</strong></span> <span class='ocrx_word' id='word_1_39' title='bbox 308 548 387 599; x_wconf 79' lang='grc' dir='ltr'>τῇσι</span> <span class='ocrx_word' id='word_1_40' title='bbox 395 563 406 595; x_wconf 92' lang='lat'>;</span> <span class='ocrx_word' id='word_1_41' title='bbox 438 546 547 584; x_wconf 92' lang='lat' dir='ltr'>codd.</span> <span class='ocrx_word' id='word_1_42' title='bbox 569 552 656 590; x_wconf 88' lang='grc' dir='ltr'>ταῖς.</span> <span class='ocrx_word' id='word_1_43' title='bbox 684 569 737 577; x_wconf 85' lang='lat'><strong>--</strong></span> <span class='ocrx_word' id='word_1_44' title='bbox 758 547 774 572; x_wconf 77' lang='lat'><strong>¹³</strong></span> <span class='ocrx_word' id='word_1_45' title='bbox 793 543 1028 598; x_wconf 81' lang='grc' dir='ltr'>γυναικηΐως;</span> <span class='ocrx_word' id='word_1_46' title='bbox 1053 548 1164 587; x_wconf 87' lang='lat' dir='ltr'><strong>codd.</strong></span> <span class='ocrx_word' id='word_1_47' title='bbox 1190 564 1308 601; x_wconf 90' lang='grc' dir='ltr'>γυναι-</span> 
     </span>
     <span class='ocr_line' id='line_1_7' title="bbox 277 604 1315 661; baseline 0.005 -18"><span class='ocrx_word' id='word_1_48' title='bbox 277 604 392 650; x_wconf 85' lang='grc' dir='ltr'>κείως.</span> <span class='ocrx_word' id='word_1_49' title='bbox 410 628 461 634; x_wconf 96' lang='grc'>-</span> <span class='ocrx_word' id='word_1_50' title='bbox 479 610 494 629; x_wconf 80' lang='lat'>⁰</span> <span class='ocrx_word' id='word_1_51' title='bbox 510 604 667 658; x_wconf 77' lang='grc' dir='ltr'>ἀγνοέει;</span> <span class='ocrx_word' id='word_1_52' title='bbox 693 605 788 645; x_wconf 80' lang='lat' dir='ltr'><strong>libri</strong></span> <span class='ocrx_word' id='word_1_53' title='bbox 813 606 940 657; x_wconf 85' lang='grc' dir='ltr'>ἀγνοεῖ.</span> <span class='ocrx_word' id='word_1_54' title='bbox 966 629 1021 636; x_wconf 88' lang='grc'>-</span> <span class='ocrx_word' id='word_1_55' title='bbox 1037 605 1055 631; x_wconf 86' lang='lat'><strong>‘¹</strong></span> <span class='ocrx_word' id='word_1_56' title='bbox 1072 605 1133 646; x_wconf 80' lang='grc' dir='ltr'>καὶ</span> <span class='ocrx_word' id='word_1_57' title='bbox 1158 607 1265 661; x_wconf 82' lang='grc' dir='ltr'>τόπερ</span> <span class='ocrx_word' id='word_1_58' title='bbox 1293 622 1315 648; x_wconf 91' lang='lat' dir='ltr'><strong>e</strong></span> 
     </span>
     <span class='ocr_line' id='line_1_8' title="bbox 277 663 1313 718; baseline 0.007 -18"><span class='ocrx_word' id='word_1_59' title='bbox 277 663 440 704; x_wconf 85' lang='lat' dir='ltr'><strong>Gesneri</strong></span> <span class='ocrx_word' id='word_1_60' title='bbox 468 664 590 717; x_wconf 85' lang='lat' dir='ltr'><strong>conj.;</strong></span> <span class='ocrx_word' id='word_1_61' title='bbox 622 664 732 704; x_wconf 89' lang='lat' dir='ltr'><strong>codd.</strong></span> <span class='ocrx_word' id='word_1_62' title='bbox 756 663 871 706; x_wconf 85' lang='grc' dir='ltr'>καίτοι</span> <span class='ocrx_word' id='word_1_63' title='bbox 902 680 979 718; x_wconf 88' lang='grc' dir='ltr'>περ.</span> <span class='ocrx_word' id='word_1_64' title='bbox 1011 687 1065 696; x_wconf 90' lang='lat'><strong>--</strong></span> <span class='ocrx_word' id='word_1_65' title='bbox 1083 670 1100 689; x_wconf 81' lang='lat'><strong>⁰</strong></span> <span class='ocrx_word' id='word_1_66' title='bbox 1123 667 1313 707; x_wconf 80' lang='grc' dir='ltr'>καταδικᾶν</span> 
     </span>
     <span class='ocr_line' id='line_1_9' title="bbox 277 723 1314 775; baseline 0.005 -14"><span class='ocrx_word' id='word_1_67' title='bbox 277 736 364 762; x_wconf 84' lang='lat' dir='ltr'><strong>cum</strong></span> <span class='ocrx_word' id='word_1_68' title='bbox 394 723 647 774; x_wconf 83' lang='lat' dir='ltr'><strong>Wesselingio</strong></span> <span class='ocrx_word' id='word_1_69' title='bbox 675 725 723 762; x_wconf 84' lang='lat' dir='ltr'><strong>ad</strong></span> <span class='ocrx_word' id='word_1_70' title='bbox 754 723 896 764; x_wconf 88' lang='lat' dir='ltr'><strong>Herod.</strong></span> <span class='ocrx_word' id='word_1_71' title='bbox 925 723 958 773; x_wconf 87' lang='lat' dir='ltr'><strong>I,</strong></span> <span class='ocrx_word' id='word_1_72' title='bbox 985 738 1034 775; x_wconf 86' lang='lat'><strong>97</strong></span> <span class='ocrx_word' id='word_1_73' title='bbox 1062 734 1100 764; x_wconf 87' lang='lat' dir='ltr'><strong>ct</strong></span> <span class='ocrx_word' id='word_1_74' title='bbox 1129 725 1314 766; x_wconf 83' lang='lat' dir='ltr'><strong>Jacobsio</strong></span> 
     </span>
     <span class='ocr_line' id='line_1_10' title="bbox 276 781 1315 834; baseline 0.006 -15"><span class='ocrx_word' id='word_1_75' title='bbox 276 781 439 822; x_wconf 82' lang='lat' dir='ltr'><strong>Emend.</strong></span> <span class='ocrx_word' id='word_1_76' title='bbox 468 781 575 820; x_wconf 87' lang='lat' dir='ltr'><strong>Stob.</strong></span> <span class='ocrx_word' id='word_1_77' title='bbox 597 795 637 834; x_wconf 91' lang='lat' dir='ltr'><strong>p.</strong></span> <span class='ocrx_word' id='word_1_78' title='bbox 663 782 761 830; x_wconf 82' lang='lat'><strong>257·</strong></span> <span class='ocrx_word' id='word_1_79' title='bbox 753 812 763 831; x_wconf 93' lang='lat'>‚</span> <span class='ocrx_word' id='word_1_80' title='bbox 789 782 900 822; x_wconf 89' lang='lat' dir='ltr'><strong>codd.</strong></span> <span class='ocrx_word' id='word_1_81' title='bbox 922 783 1130 825; x_wconf 85' lang='grc' dir='ltr'>καταδίκαν.</span> <span class='ocrx_word' id='word_1_82' title='bbox 1154 813 1204 823; x_wconf 88' lang='grc'><strong>-.</strong></span> <span class='ocrx_word' id='word_1_83' title='bbox 1220 784 1234 809; x_wconf 77' lang='lat'><em>¹</em></span> <span class='ocrx_word' id='word_1_84' title='bbox 1254 789 1315 825; x_wconf 77' lang='grc' dir='ltr'><strong>οὐκ</strong></span> 
     </span>
     <span class='ocr_line' id='line_1_11' title="bbox 276 836 1315 897; baseline 0.005 -19"><span class='ocrx_word' id='word_1_85' title='bbox 276 840 322 884; x_wconf 81' lang='grc' dir='ltr'><strong>ὥς</strong></span> <span class='ocrx_word' id='word_1_86' title='bbox 341 855 394 889; x_wconf 71' lang='grc' dir='ltr'><strong>τις</strong></span> <span class='ocrx_word' id='word_1_87' title='bbox 420 841 533 883; x_wconf 84' lang='lat' dir='ltr'>codd</span> <span class='ocrx_word' id='word_1_88' title='bbox 559 842 624 893; x_wconf 80' lang='grc' dir='ltr'><strong>οὔχ</strong></span> <span class='ocrx_word' id='word_1_89' title='bbox 643 839 689 884; x_wconf 86' lang='grc' dir='ltr'><strong>ως</strong></span> <span class='ocrx_word' id='word_1_90' title='bbox 705 856 752 880; x_wconf 85' lang='grc' dir='ltr'><strong>τι.</strong></span> <span class='ocrx_word' id='word_1_91' title='bbox 776 864 830 870; x_wconf 94' lang='grc'><strong>-</strong></span> <span class='ocrx_word' id='word_1_92' title='bbox 849 846 868 872; x_wconf 65' lang='grc' dir='ltr'><strong>Β</strong></span> <span class='ocrx_word' id='word_1_93' title='bbox 885 843 947 882; x_wconf 82' lang='grc' dir='ltr'><strong>οὐκ</strong></span> <span class='ocrx_word' id='word_1_94' title='bbox 967 836 1022 881; x_wconf 84' lang='grc' dir='ltr'><strong>οἷά</strong></span> <span class='ocrx_word' id='word_1_95' title='bbox 1041 858 1099 892; x_wconf 81' lang='grc' dir='ltr'><strong>τε;</strong></span> <span class='ocrx_word' id='word_1_96' title='bbox 1120 844 1232 883; x_wconf 86' lang='lat' dir='ltr'><strong>codd.</strong></span> <span class='ocrx_word' id='word_1_97' title='bbox 1251 845 1315 897; x_wconf 79' lang='grc' dir='ltr'><strong>οὐχ</strong></span> 
     </span>
     <span class='ocr_line' id='line_1_12' title="bbox 277 894 1314 952; baseline 0.003 -14"><span class='ocrx_word' id='word_1_98' title='bbox 277 894 334 939; x_wconf 87' lang='grc' dir='ltr'><strong>οῖά</strong></span> <span class='ocrx_word' id='word_1_99' title='bbox 352 915 402 938; x_wconf 89' lang='grc' dir='ltr'><strong>τε.</strong></span> <span class='ocrx_word' id='word_1_100' title='bbox 423 923 475 929; x_wconf 87' lang='lat'><em>-</em></span> <span class='ocrx_word' id='word_1_101' title='bbox 494 899 627 952; x_wconf 80' lang='grc' dir='ltr'><strong>11γῶν;</strong></span> <span class='ocrx_word' id='word_1_102' title='bbox 655 899 752 943; x_wconf 80' lang='lat' dir='ltr'><strong>libri</strong></span> <span class='ocrx_word' id='word_1_103' title='bbox 778 916 817 952; x_wconf 89' lang='grc' dir='ltr'><strong>γε</strong></span> <span class='ocrx_word' id='word_1_104' title='bbox 846 896 918 940; x_wconf 91' lang='grc' dir='ltr'>ουν.</span> <span class='ocrx_word' id='word_1_105' title='bbox 947 925 999 932; x_wconf 85' lang='grc'>-</span> <span class='ocrx_word' id='word_1_106' title='bbox 1031 908 1042 926; x_wconf 86' lang='lat'>¹</span> <span class='ocrx_word' id='word_1_107' title='bbox 1061 918 1122 941; x_wconf 90' lang='grc' dir='ltr'><strong>του</strong></span> <span class='ocrx_word' id='word_1_108' title='bbox 1147 905 1314 952; x_wconf 84' lang='grc' dir='ltr'>ε’νθαυτα;</span> 
     </span>
     <span class='ocr_line' id='line_1_13' title="bbox 278 958 1313 1011; baseline 0.004 -15"><span class='ocrx_word' id='word_1_109' title='bbox 278 959 391 998; x_wconf 88' lang='lat' dir='ltr'><strong>codd.</strong></span> <span class='ocrx_word' id='word_1_110' title='bbox 409 961 567 998; x_wconf 78' lang='grc' dir='ltr'>ἐνταῦθα.</span> <span class='ocrx_word' id='word_1_111' title='bbox 594 958 691 997; x_wconf 87' lang='lat' dir='ltr'><strong>Vide</strong></span> <span class='ocrx_word' id='word_1_112' title='bbox 713 959 896 1001; x_wconf 89' lang='lat' dir='ltr'><strong>Koenium</strong></span> <span class='ocrx_word' id='word_1_113' title='bbox 925 961 973 999; x_wconf 76' lang='lat' dir='ltr'><strong>ad</strong></span> <span class='ocrx_word' id='word_1_114' title='bbox 995 961 1313 1011; x_wconf 81' lang='lat' dir='ltr'><strong>G1eg.C01inth.</strong></span> 
     </span>
     <span class='ocr_line' id='line_1_14' title="bbox 277 1018 1259 1075; baseline 0.003 -17"><span class='ocrx_word' id='word_1_115' title='bbox 277 1032 317 1069; x_wconf 88' lang='lat' dir='ltr'><strong>p.</strong></span> <span class='ocrx_word' id='word_1_116' title='bbox 341 1018 430 1063; x_wconf 72' lang='lat'><strong>466.</strong></span> <span class='ocrx_word' id='word_1_117' title='bbox 448 1018 666 1057; x_wconf 77' lang='lat' dir='ltr'><strong>Articulum</strong></span> <span class='ocrx_word' id='word_1_118' title='bbox 683 1018 764 1069; x_wconf 85' lang='lat' dir='ltr'><strong>jam</strong></span> <span class='ocrx_word' id='word_1_119' title='bbox 787 1019 936 1059; x_wconf 87' lang='lat' dir='ltr'><strong>addidit</strong></span> <span class='ocrx_word' id='word_1_120' title='bbox 957 1020 1165 1075; x_wconf 76' lang='lat' dir='ltr'><strong>GesneruS.</strong></span> <span class='ocrx_word' id='word_1_121' title='bbox 1185 1022 1259 1073; x_wconf 95' lang='lat'>)</span> 
     </span>
    </p>

    <p class='ocr_par' dir='ltr' id='par_1_4' title="bbox 277 1075 1317 1592">
     <span class='ocr_line' id='line_1_15' title="bbox 331 1075 1316 1133; baseline 0.003 -17"><span class='ocrx_word' id='word_1_122' title='bbox 331 1090 378 1116; x_wconf 82' lang='lat'><strong>55.</strong></span> <span class='ocrx_word' id='word_1_123' title='bbox 405 1075 599 1130; x_wconf 84' lang='grc' dir='ltr'>Ἄνθρωποι</span> <span class='ocrx_word' id='word_1_124' title='bbox 631 1075 733 1128; x_wconf 79' lang='grc' dir='ltr'>ἰσχὺν</span> <span class='ocrx_word' id='word_1_125' title='bbox 756 1076 817 1127; x_wconf 82' lang='grc' dir='ltr'><strong>μὲν</strong></span> <span class='ocrx_word' id='word_1_126' title='bbox 835 1081 851 1099; x_wconf 75' lang='lat'>⁸</span> <span class='ocrx_word' id='word_1_127' title='bbox 878 1077 938 1117; x_wconf 82' lang='grc' dir='ltr'>καὶ</span> <span class='ocrx_word' id='word_1_128' title='bbox 966 1078 1085 1131; x_wconf 81' lang='grc' dir='ltr'>ῥώμην</span> <span class='ocrx_word' id='word_1_129' title='bbox 1117 1079 1178 1118; x_wconf 84' lang='grc' dir='ltr'>καὶ</span> <span class='ocrx_word' id='word_1_130' title='bbox 1210 1079 1316 1133; x_wconf 83' lang='grc' dir='ltr'>τάχος</span> 
     </span>
     <span class='ocr_line' id='line_1_16' title="bbox 278 1134 1314 1190; baseline 0.004 -17"><span class='ocrx_word' id='word_1_131' title='bbox 278 1138 389 1185; x_wconf 82' lang='grc' dir='ltr'>μοῦνα</span> <span class='ocrx_word' id='word_1_132' title='bbox 410 1135 612 1185; x_wconf 81' lang='grc' dir='ltr'>ἀσκέοντες,</span> <span class='ocrx_word' id='word_1_133' title='bbox 634 1134 694 1174; x_wconf 85' lang='grc' dir='ltr'>καὶ</span> <span class='ocrx_word' id='word_1_134' title='bbox 714 1134 823 1184; x_wconf 82' lang='grc' dir='ltr'>δ’κως,</span> <span class='ocrx_word' id='word_1_135' title='bbox 844 1140 954 1175; x_wconf 81' lang='grc' dir='ltr'>ταῦτα</span> <span class='ocrx_word' id='word_1_136' title='bbox 973 1136 1129 1190; x_wconf 87' lang='grc' dir='ltr'>ἔχοντες,</span> <span class='ocrx_word' id='word_1_137' title='bbox 1151 1138 1220 1176; x_wconf 80' lang='grc' dir='ltr'><strong>ἀπὸ</strong></span> <span class='ocrx_word' id='word_1_138' title='bbox 1236 1138 1314 1177; x_wconf 85' lang='grc' dir='ltr'>τού-</span> 
     </span>
     <span class='ocr_line' id='line_1_17' title="bbox 277 1192 1315 1249; baseline 0.004 -18"><span class='ocrx_word' id='word_1_139' title='bbox 277 1209 346 1232; x_wconf 87' lang='grc' dir='ltr'><strong>των</strong></span> <span class='ocrx_word' id='word_1_140' title='bbox 368 1192 503 1244; x_wconf 81' lang='grc' dir='ltr'>μούνων</span> <span class='ocrx_word' id='word_1_141' title='bbox 522 1192 751 1243; x_wconf 83' lang='grc' dir='ltr'>εὖδοκιμέωσι</span> <span class='ocrx_word' id='word_1_142' title='bbox 770 1194 787 1220; x_wconf 73' lang='lat'><strong>¹³</strong></span> <span class='ocrx_word' id='word_1_143' title='bbox 806 1195 1055 1239; x_wconf 84' lang='grc' dir='ltr'>ἐσπουδακότες</span> <span class='ocrx_word' id='word_1_144' title='bbox 1068 1227 1079 1247; x_wconf 83' lang='lat'>‚</span> <span class='ocrx_word' id='word_1_145' title='bbox 1100 1195 1180 1249; x_wconf 81' lang='grc' dir='ltr'>περὶ</span> <span class='ocrx_word' id='word_1_146' title='bbox 1200 1197 1235 1235; x_wconf 82' lang='grc' dir='ltr'><strong>δὲ</strong></span> <span class='ocrx_word' id='word_1_147' title='bbox 1255 1200 1315 1236; x_wconf 81' lang='grc' dir='ltr'><strong>τοῦ</strong></span> 
     </span>
     <span class='ocr_line' id='line_1_18' title="bbox 279 1252 1315 1306; baseline 0.004 -17"><span class='ocrx_word' id='word_1_148' title='bbox 279 1254 341 1298; x_wconf 75' lang='grc' dir='ltr'><strong>τῆς</strong></span> <span class='ocrx_word' id='word_1_149' title='bbox 368 1252 483 1305; x_wconf 71' lang='grc' dir='ltr'>ψυχῆς</span> <span class='ocrx_word' id='word_1_150' title='bbox 513 1256 527 1276; x_wconf 78' lang='lat'><strong>⁰</strong></span> <span class='ocrx_word' id='word_1_151' title='bbox 548 1252 772 1301; x_wconf 82' lang='grc' dir='ltr'>ἐπιμέλεσθαι</span> <span class='ocrx_word' id='word_1_152' title='bbox 797 1252 835 1290; x_wconf 83' lang='grc' dir='ltr'><strong>οὗ</strong></span> <span class='ocrx_word' id='word_1_153' title='bbox 862 1253 1147 1306; x_wconf 85' lang='grc' dir='ltr'>καταγινόμενοι,</span> <span class='ocrx_word' id='word_1_154' title='bbox 1170 1255 1315 1306; x_wconf 81' lang='grc' dir='ltr'>ἀγνοεῦ-</span> 
     </span>
     <span class='ocr_line' id='line_1_19' title="bbox 278 1307 1314 1364; baseline 0.006 -18"><span class='ocrx_word' id='word_1_155' title='bbox 278 1323 312 1346; x_wconf 90' lang='grc' dir='ltr'><strong>σι</strong></span> <span class='ocrx_word' id='word_1_156' title='bbox 329 1307 365 1357; x_wconf 66' lang='lat'><strong>³¹,</strong></span> <span class='ocrx_word' id='word_1_157' title='bbox 385 1308 514 1348; x_wconf 85' lang='grc' dir='ltr'>τούτων</span> <span class='ocrx_word' id='word_1_158' title='bbox 529 1309 592 1360; x_wconf 83' lang='grc' dir='ltr'><strong>μέν</strong></span> <span class='ocrx_word' id='word_1_159' title='bbox 606 1339 616 1357; x_wconf 85' lang='grc'>,</span> <span class='ocrx_word' id='word_1_160' title='bbox 633 1309 739 1349; x_wconf 82' lang='grc' dir='ltr'>ὁκόσα</span> <span class='ocrx_word' id='word_1_161' title='bbox 759 1309 856 1348; x_wconf 86' lang='grc' dir='ltr'>κοινὰ</span> <span class='ocrx_word' id='word_1_162' title='bbox 869 1311 952 1363; x_wconf 86' lang='grc' dir='ltr'>πρὸς</span> <span class='ocrx_word' id='word_1_163' title='bbox 968 1312 1013 1350; x_wconf 88' lang='grc' dir='ltr'><strong>τὰ</strong></span> <span class='ocrx_word' id='word_1_164' title='bbox 1033 1311 1134 1364; x_wconf 87' lang='grc' dir='ltr'>θηρία</span> <span class='ocrx_word' id='word_1_165' title='bbox 1154 1317 1168 1335; x_wconf 80' lang='lat'>⁰</span> <span class='ocrx_word' id='word_1_166' title='bbox 1185 1314 1314 1364; x_wconf 68' lang='grc' dir='ltr'>ἔχουσι,</span> 
     </span>
     <span class='ocr_line' id='line_1_20' title="bbox 279 1365 1317 1422; baseline 0.006 -18"><span class='ocrx_word' id='word_1_167' title='bbox 279 1365 338 1406; x_wconf 77' lang='grc' dir='ltr'>καὶ</span> <span class='ocrx_word' id='word_1_168' title='bbox 358 1367 453 1418; x_wconf 87' lang='grc' dir='ltr'>παρὰ</span> <span class='ocrx_word' id='word_1_169' title='bbox 473 1366 583 1415; x_wconf 86' lang='grc' dir='ltr'>πολύ,</span> <span class='ocrx_word' id='word_1_170' title='bbox 607 1367 836 1419; x_wconf 87' lang='grc' dir='ltr'>ἀσθενέστερα</span> <span class='ocrx_word' id='word_1_171' title='bbox 863 1368 992 1407; x_wconf 84' lang='grc' dir='ltr'>τούτων</span> <span class='ocrx_word' id='word_1_172' title='bbox 1014 1369 1042 1418; x_wconf 75' lang='lat'><strong>¹,</strong></span> <span class='ocrx_word' id='word_1_173' title='bbox 1063 1370 1164 1420; x_wconf 90' lang='grc' dir='ltr'>μόνον</span> <span class='ocrx_word' id='word_1_174' title='bbox 1191 1372 1294 1422; x_wconf 85' lang='grc' dir='ltr'>ἐπιμε</span> <span class='ocrx_word' id='word_1_175' title='bbox 1308 1393 1317 1400; x_wconf 88' lang='grc'><em>·</em></span> 
     </span>
     <span class='ocr_line' id='line_1_21' title="bbox 280 1424 1316 1480; baseline 0.005 -17"><span class='ocrx_word' id='word_1_176' title='bbox 280 1424 417 1476; x_wconf 85' lang='grc' dir='ltr'>λύμενοι</span> <span class='ocrx_word' id='word_1_177' title='bbox 451 1429 483 1477; x_wconf 71' lang='lat'><strong>²3,</strong></span> <span class='ocrx_word' id='word_1_178' title='bbox 504 1441 561 1463; x_wconf 91' lang='grc' dir='ltr'><strong>του</strong></span> <span class='ocrx_word' id='word_1_179' title='bbox 583 1425 618 1463; x_wconf 79' lang='grc' dir='ltr'><strong>δὲ</strong></span> <span class='ocrx_word' id='word_1_180' title='bbox 643 1426 677 1463; x_wconf 84' lang='grc' dir='ltr'>ἐν</span> <span class='ocrx_word' id='word_1_181' title='bbox 701 1426 858 1465; x_wconf 80' lang='grc' dir='ltr'>ἑωυτοῖσι</span> <span class='ocrx_word' id='word_1_182' title='bbox 884 1427 1083 1480; x_wconf 73' lang='grc' dir='ltr'>θειοτάτου,</span> <span class='ocrx_word' id='word_1_183' title='bbox 1105 1429 1165 1467; x_wconf 86' lang='grc' dir='ltr'>καὶ</span> <span class='ocrx_word' id='word_1_184' title='bbox 1196 1429 1316 1469; x_wconf 84' lang='grc' dir='ltr'>κατότι</span> 
     </span>
     <span class='ocr_line' id='line_1_22' title="bbox 280 1478 1314 1541; baseline 0.008 -21"><span class='ocrx_word' id='word_1_185' title='bbox 280 1484 414 1525; x_wconf 75' lang='grc' dir='ltr'>αὐτοῖσι</span> <span class='ocrx_word' id='word_1_186' title='bbox 432 1484 504 1522; x_wconf 88' lang='grc' dir='ltr'>ἔστι</span> <span class='ocrx_word' id='word_1_187' title='bbox 519 1485 550 1530; x_wconf 79' lang='lat'><strong>¹¹,</strong></span> <span class='ocrx_word' id='word_1_188' title='bbox 574 1485 603 1522; x_wconf 86' lang='grc' dir='ltr'><strong>εἷ</strong></span> <span class='ocrx_word' id='word_1_189' title='bbox 623 1478 691 1523; x_wconf 74' lang='grc' dir='ltr'>οἶόν</span> <span class='ocrx_word' id='word_1_190' title='bbox 712 1501 767 1534; x_wconf 88' lang='grc' dir='ltr'><strong>τε,</strong></span> <span class='ocrx_word' id='word_1_191' title='bbox 785 1491 876 1524; x_wconf 88' lang='grc' dir='ltr'>τοῖσι</span> <span class='ocrx_word' id='word_1_192' title='bbox 900 1485 1033 1524; x_wconf 81' lang='grc' dir='ltr'><strong>θεοῖσιι</strong></span> <span class='ocrx_word' id='word_1_193' title='bbox 1057 1486 1314 1541; x_wconf 82' lang='grc' dir='ltr'>ἐξομοιόεσθαι,</span> 
     </span>
     <span class='ocr_line' id='line_1_23' title="bbox 279 1541 495 1592; baseline 0.01 -13"><span class='ocrx_word' id='word_1_194' title='bbox 279 1541 495 1592; x_wconf 84' lang='grc' dir='ltr'>ἀμελέοντες.</span> 
     </span>
    </p>

    <p class='ocr_par' dir='ltr' id='par_1_5' title="bbox 277 1601 1315 1834">
     <span class='ocr_line' id='line_1_24' title="bbox 333 1601 1315 1657; baseline 0.005 -17"><span class='ocrx_word' id='word_1_195' title='bbox 333 1601 532 1654; x_wconf 77' lang='lat' dir='ltr'><strong>(Stqbaeus</strong></span> <span class='ocrx_word' id='word_1_196' title='bbox 546 1601 649 1641; x_wconf 87' lang='lat' dir='ltr'><strong>Flor.</strong></span> <span class='ocrx_word' id='word_1_197' title='bbox 679 1601 785 1652; x_wconf 84' lang='lat' dir='ltr'>LIII,</span> <span class='ocrx_word' id='word_1_198' title='bbox 813 1604 874 1642; x_wconf 87' lang='lat'><strong>16.</strong></span> <span class='ocrx_word' id='word_1_199' title='bbox 898 1603 1081 1643; x_wconf 75' lang='grc' dir='ltr'>Εὖσεὸίου.</span> <span class='ocrx_word' id='word_1_200' title='bbox 1100 1605 1247 1657; x_wconf 81' lang='lat' dir='ltr'><strong>Scripsi</strong></span> <span class='ocrx_word' id='word_1_201' title='bbox 1269 1620 1280 1644; x_wconf 90' lang='lat'><strong>.·</strong></span> <span class='ocrx_word' id='word_1_202' title='bbox 1301 1610 1315 1629; x_wconf 77' lang='lat'>⁸</span> 
     </span>
     <span class='ocr_line' id='line_1_25' title="bbox 278 1659 1313 1715; baseline 0.004 -16"><span class='ocrx_word' id='word_1_203' title='bbox 278 1659 378 1714; x_wconf 77' lang='grc' dir='ltr'>ἰσχὺν</span> <span class='ocrx_word' id='word_1_204' title='bbox 400 1661 461 1711; x_wconf 82' lang='grc' dir='ltr'><strong>μὲν</strong></span> <span class='ocrx_word' id='word_1_205' title='bbox 482 1675 569 1700; x_wconf 88' lang='lat' dir='ltr'><strong>cum</strong></span> <span class='ocrx_word' id='word_1_206' title='bbox 590 1661 772 1701; x_wconf 85' lang='lat' dir='ltr'><strong>Jacobsio</strong></span> <span class='ocrx_word' id='word_1_207' title='bbox 788 1661 947 1699; x_wconf 88' lang='lat' dir='ltr'><strong>Emend.</strong></span> <span class='ocrx_word' id='word_1_208' title='bbox 968 1663 1009 1700; x_wconf 90' lang='lat' dir='ltr'><strong>in</strong></span> <span class='ocrx_word' id='word_1_209' title='bbox 1026 1663 1134 1701; x_wconf 89' lang='lat' dir='ltr'><strong>Stob.</strong></span> <span class='ocrx_word' id='word_1_210' title='bbox 1151 1678 1191 1715; x_wconf 89' lang='lat' dir='ltr'><strong>p.</strong></span> <span class='ocrx_word' id='word_1_211' title='bbox 1214 1666 1288 1702; x_wconf 82' lang='lat'><strong>263</strong></span> <span class='ocrx_word' id='word_1_212' title='bbox 1303 1681 1313 1714; x_wconf 91' lang='lat'>;</span> 
     </span>
     <span class='ocr_line' id='line_1_26' title="bbox 279 1720 1314 1774; baseline 0.003 -16"><span class='ocrx_word' id='word_1_213' title='bbox 279 1721 390 1761; x_wconf 89' lang='lat' dir='ltr'><strong>codd.</strong></span> <span class='ocrx_word' id='word_1_214' title='bbox 411 1720 525 1774; x_wconf 78' lang='grc' dir='ltr'>ἶσχον.</span> <span class='ocrx_word' id='word_1_215' title='bbox 546 1743 598 1749; x_wconf 89' lang='grc'><strong>--</strong></span> <span class='ocrx_word' id='word_1_216' title='bbox 615 1720 896 1771; x_wconf 62' lang='grc' dir='ltr'>ὓεῦδοκιμέωσις</span> <span class='ocrx_word' id='word_1_217' title='bbox 917 1722 1029 1762; x_wconf 87' lang='lat' dir='ltr'><strong>codd.</strong></span> <span class='ocrx_word' id='word_1_218' title='bbox 1054 1722 1314 1773; x_wconf 80' lang='grc' dir='ltr'>εὖδοκιμέωσιν.</span> 
     </span>
     <span class='ocr_line' id='line_1_27' title="bbox 277 1778 1314 1834; baseline 0 -15"><span class='ocrx_word' id='word_1_219' title='bbox 277 1802 328 1808; x_wconf 86' lang='lat'>—</span> <span class='ocrx_word' id='word_1_220' title='bbox 353 1784 367 1803; x_wconf 75' lang='lat'><strong>‘²</strong></span> <span class='ocrx_word' id='word_1_221' title='bbox 384 1780 463 1831; x_wconf 79' lang='grc' dir='ltr'>περὶ</span> <span class='ocrx_word' id='word_1_222' title='bbox 484 1778 519 1817; x_wconf 81' lang='grc' dir='ltr'><strong>δὲ</strong></span> <span class='ocrx_word' id='word_1_223' title='bbox 539 1782 599 1817; x_wconf 80' lang='grc' dir='ltr'><strong>τοῦ</strong></span> <span class='ocrx_word' id='word_1_224' title='bbox 620 1795 680 1825; x_wconf 88' lang='grc' dir='ltr'><strong>της</strong></span> <span class='ocrx_word' id='word_1_225' title='bbox 698 1780 832 1831; x_wconf 80' lang='grc' dir='ltr'>ψυχης;</span> <span class='ocrx_word' id='word_1_226' title='bbox 848 1779 943 1818; x_wconf 85' lang='lat' dir='ltr'><strong>iibri</strong></span> <span class='ocrx_word' id='word_1_227' title='bbox 963 1784 1023 1818; x_wconf 82' lang='grc' dir='ltr'><strong>τοῦ</strong></span> <span class='ocrx_word' id='word_1_228' title='bbox 1044 1780 1079 1818; x_wconf 87' lang='grc' dir='ltr'><strong>δὲ</strong></span> <span class='ocrx_word' id='word_1_229' title='bbox 1099 1784 1161 1828; x_wconf 85' lang='grc' dir='ltr'>τ’ἦς</span> <span class='ocrx_word' id='word_1_230' title='bbox 1186 1783 1314 1834; x_wconf 83' lang='grc' dir='ltr'>ψυχης.</span> 
     </span>
    </p>

    <p class='ocr_par' dir='ltr' id='par_1_6' title="bbox 274 1833 1316 2359">
     <span class='ocr_line' id='line_1_28' title="bbox 276 1833 1315 1892; baseline 0.004 -16.293"><span class='ocrx_word' id='word_1_231' title='bbox 276 1836 364 1867; x_wconf 74' lang='lat' dir='ltr'><strong>——d</strong></span> <span class='ocrx_word' id='word_1_232' title='bbox 384 1838 422 1876; x_wconf 81' lang='grc' dir='ltr'><strong>οὐ</strong></span> <span class='ocrx_word' id='word_1_233' title='bbox 442 1837 654 1890; x_wconf 83' lang='grc' dir='ltr'>καταγινόμε</span> <span class='ocrx_word' id='word_1_234' title='bbox 640 1853 707 1875; x_wconf 76' lang='grc' dir='ltr'>,νοι</span> <span class='ocrx_word' id='word_1_235' title='bbox 726 1840 900 1889; x_wconf 77' lang='grc' dir='ltr'>ἀγνοεῧσι;</span> <span class='ocrx_word' id='word_1_236' title='bbox 921 1839 1013 1877; x_wconf 78' lang='lat' dir='ltr'><strong>libri</strong></span> <span class='ocrx_word' id='word_1_237' title='bbox 1030 1833 1067 1877; x_wconf 63' lang='grc' dir='ltr'><strong>οἵ</strong></span> <span class='ocrx_word' id='word_1_238' title='bbox 1087 1838 1185 1888; x_wconf 75' lang='grc' dir='ltr'>ἕκητι</span> <span class='ocrx_word' id='word_1_239' title='bbox 1201 1841 1315 1892; x_wconf 88' lang='grc' dir='ltr'>γιγνό-</span> 
     </span>
     <span class='ocr_line' id='line_1_29' title="bbox 277 1896 1316 1953; baseline 0.005 -19"><span class='ocrx_word' id='word_1_240' title='bbox 277 1911 372 1946; x_wconf 85' lang='grc' dir='ltr'>μενοι</span> <span class='ocrx_word' id='word_1_241' title='bbox 403 1898 580 1949; x_wconf 81' lang='grc' dir='ltr'>ἀγνοεῦσι.</span> <span class='ocrx_word' id='word_1_242' title='bbox 607 1919 659 1927; x_wconf 92' lang='lat'><strong>--</strong></span> <span class='ocrx_word' id='word_1_243' title='bbox 680 1901 694 1918; x_wconf 79' lang='lat'>⁰</span> <span class='ocrx_word' id='word_1_244' title='bbox 723 1896 854 1935; x_wconf 81' lang='grc' dir='ltr'>τούτων</span> <span class='ocrx_word' id='word_1_245' title='bbox 876 1897 962 1947; x_wconf 84' lang='grc' dir='ltr'>μέν,</span> <span class='ocrx_word' id='word_1_246' title='bbox 989 1898 1095 1937; x_wconf 85' lang='grc' dir='ltr'>ὁκόσα</span> <span class='ocrx_word' id='word_1_247' title='bbox 1116 1899 1212 1938; x_wconf 87' lang='grc' dir='ltr'>κοινὰ</span> <span class='ocrx_word' id='word_1_248' title='bbox 1233 1901 1316 1953; x_wconf 85' lang='grc' dir='ltr'>πρὸς</span> 
     </span>
     <span class='ocr_line' id='line_1_30' title="bbox 277 1954 1313 2010; baseline 0.003 -17"><span class='ocrx_word' id='word_1_249' title='bbox 277 1954 319 1993; x_wconf 81' lang='grc' dir='ltr'><strong>τὰ</strong></span> <span class='ocrx_word' id='word_1_250' title='bbox 340 1954 442 2007; x_wconf 83' lang='grc' dir='ltr'>θηρία</span> <span class='ocrx_word' id='word_1_251' title='bbox 462 1970 547 1994; x_wconf 90' lang='lat' dir='ltr'><strong>cum</strong></span> <span class='ocrx_word' id='word_1_252' title='bbox 562 1954 745 1994; x_wconf 87' lang='lat' dir='ltr'><strong>Jacobsio</strong></span> <span class='ocrx_word' id='word_1_253' title='bbox 762 1956 790 1993; x_wconf 87' lang='lat' dir='ltr'><strong>l.</strong></span> <span class='ocrx_word' id='word_1_254' title='bbox 808 1971 857 2003; x_wconf 90' lang='lat' dir='ltr'><strong>c.;</strong></span> <span class='ocrx_word' id='word_1_255' title='bbox 876 1957 987 1996; x_wconf 90' lang='lat' dir='ltr'><strong>codd.</strong></span> <span class='ocrx_word' id='word_1_256' title='bbox 1006 1957 1065 1995; x_wconf 81' lang='grc' dir='ltr'>καὶ</span> <span class='ocrx_word' id='word_1_257' title='bbox 1083 1957 1214 1995; x_wconf 80' lang='grc' dir='ltr'>τούτων</span> <span class='ocrx_word' id='word_1_258' title='bbox 1236 1957 1313 2010; x_wconf 73' lang='grc' dir='ltr'>μέν,</span> 
     </span>
     <span class='ocr_line' id='line_1_31' title="bbox 276 2013 1315 2067; baseline 0.004 -16"><span class='ocrx_word' id='word_1_259' title='bbox 276 2013 383 2053; x_wconf 87' lang='grc' dir='ltr'>ὁκόσα</span> <span class='ocrx_word' id='word_1_260' title='bbox 406 2014 503 2052; x_wconf 84' lang='grc' dir='ltr'>κοινὰ</span> <span class='ocrx_word' id='word_1_261' title='bbox 531 2014 615 2067; x_wconf 79' lang='grc' dir='ltr'>πρὸς</span> <span class='ocrx_word' id='word_1_262' title='bbox 640 2013 754 2067; x_wconf 82' lang='grc' dir='ltr'>θηρία.</span> <span class='ocrx_word' id='word_1_263' title='bbox 775 2038 826 2043; x_wconf 87' lang='lat'><em>-</em></span> <span class='ocrx_word' id='word_1_264' title='bbox 845 2013 858 2037; x_wconf 71' lang='lat'><strong><em>¹</em></strong></span> <span class='ocrx_word' id='word_1_265' title='bbox 877 2014 937 2052; x_wconf 75' lang='grc' dir='ltr'>καὶ</span> <span class='ocrx_word' id='word_1_266' title='bbox 959 2014 1055 2067; x_wconf 83' lang='grc' dir='ltr'>παρὰ</span> <span class='ocrx_word' id='word_1_267' title='bbox 1077 2015 1190 2066; x_wconf 83' lang='grc' dir='ltr'>πολύ,</span> <span class='ocrx_word' id='word_1_268' title='bbox 1215 2018 1315 2055; x_wconf 88' lang='grc' dir='ltr'>ἀσθε-</span> 
     </span>
     <span class='ocr_line' id='line_1_32' title="bbox 276 2070 1312 2123; baseline 0.005 -14"><span class='ocrx_word' id='word_1_269' title='bbox 276 2070 416 2123; x_wconf 80' lang='grc' dir='ltr'>νέστερα</span> <span class='ocrx_word' id='word_1_270' title='bbox 439 2070 568 2111; x_wconf 81' lang='grc' dir='ltr'>τούτων</span> <span class='ocrx_word' id='word_1_271' title='bbox 590 2087 674 2111; x_wconf 84' lang='lat' dir='ltr'><strong>cum</strong></span> <span class='ocrx_word' id='word_1_272' title='bbox 691 2074 823 2111; x_wconf 89' lang='lat' dir='ltr'><strong>eodem</strong></span> <span class='ocrx_word' id='word_1_273' title='bbox 839 2089 850 2121; x_wconf 90' lang='lat'>;</span> <span class='ocrx_word' id='word_1_274' title='bbox 881 2074 991 2112; x_wconf 88' lang='lat' dir='ltr'><strong>codd.</strong></span> <span class='ocrx_word' id='word_1_275' title='bbox 1010 2074 1069 2112; x_wconf 79' lang='grc' dir='ltr'>καὶ</span> <span class='ocrx_word' id='word_1_276' title='bbox 1088 2077 1154 2112; x_wconf 85' lang='grc' dir='ltr'><strong>τῶν</strong></span> <span class='ocrx_word' id='word_1_277' title='bbox 1174 2077 1312 2115; x_wconf 82' lang='grc' dir='ltr'>πολλῶν</span> 
     </span>
     <span class='ocr_line' id='line_1_33' title="bbox 276 2131 1310 2184; baseline 0.007 -17"><span class='ocrx_word' id='word_1_278' title='bbox 276 2131 542 2183; x_wconf 84' lang='grc' dir='ltr'>ἀσθενέστερον,</span> <span class='ocrx_word' id='word_1_279' title='bbox 563 2131 707 2170; x_wconf 86' lang='grc' dir='ltr'>τούτων.</span> <span class='ocrx_word' id='word_1_280' title='bbox 727 2155 779 2162; x_wconf 92' lang='grc'><strong>--</strong></span> <span class='ocrx_word' id='word_1_281' title='bbox 798 2137 815 2162; x_wconf 74' lang='lat'>8</span> <span class='ocrx_word' id='word_1_282' title='bbox 832 2133 935 2183; x_wconf 88' lang='grc' dir='ltr'>μόνον</span> <span class='ocrx_word' id='word_1_283' title='bbox 955 2133 1196 2184; x_wconf 84' lang='grc' dir='ltr'>ἐπιμελόμενοι</span> <span class='ocrx_word' id='word_1_284' title='bbox 1225 2150 1310 2174; x_wconf 90' lang='lat' dir='ltr'><strong>cum</strong></span> 
     </span>
     <span class='ocr_line' id='line_1_34' title="bbox 274 2190 1311 2241; baseline 0.006 -14"><span class='ocrx_word' id='word_1_285' title='bbox 274 2190 408 2228; x_wconf 85' lang='lat' dir='ltr'><strong>eodem</strong></span> <span class='ocrx_word' id='word_1_286' title='bbox 420 2206 431 2238; x_wconf 89' lang='lat'>;</span> <span class='ocrx_word' id='word_1_287' title='bbox 450 2190 543 2228; x_wconf 82' lang='lat' dir='ltr'><strong>libri</strong></span> <span class='ocrx_word' id='word_1_288' title='bbox 562 2190 624 2240; x_wconf 86' lang='grc' dir='ltr'><strong>μὲν</strong></span> <span class='ocrx_word' id='word_1_289' title='bbox 646 2191 899 2241; x_wconf 84' lang='grc' dir='ltr'>ἐπιμελόμενοι.</span> <span class='ocrx_word' id='word_1_290' title='bbox 920 2213 973 2221; x_wconf 89' lang='grc'><strong>-</strong></span> <span class='ocrx_word' id='word_1_291' title='bbox 995 2191 1013 2215; x_wconf 77' lang='lat'><strong>¹¹</strong></span> <span class='ocrx_word' id='word_1_292' title='bbox 1031 2193 1152 2231; x_wconf 83' lang='grc' dir='ltr'>κατότι</span> <span class='ocrx_word' id='word_1_293' title='bbox 1179 2195 1311 2233; x_wconf 80' lang='grc' dir='ltr'>αὐτοῖσι</span> 
     </span>
     <span class='ocr_line' id='line_1_35' title="bbox 275 2246 1310 2300; baseline 0.004 -15"><span class='ocrx_word' id='word_1_294' title='bbox 275 2246 370 2297; x_wconf 86' lang='grc' dir='ltr'>ἔστι;</span> <span class='ocrx_word' id='word_1_295' title='bbox 393 2249 506 2288; x_wconf 89' lang='lat' dir='ltr'><strong>codd.</strong></span> <span class='ocrx_word' id='word_1_296' title='bbox 533 2250 654 2288; x_wconf 84' lang='grc' dir='ltr'>καθότι</span> <span class='ocrx_word' id='word_1_297' title='bbox 678 2252 793 2294; x_wconf 82' lang='grc' dir='ltr'>αὐτοῖς</span> <span class='ocrx_word' id='word_1_298' title='bbox 823 2252 927 2291; x_wconf 81' lang='grc' dir='ltr'>ἐστιν.</span> <span class='ocrx_word' id='word_1_299' title='bbox 954 2250 1037 2281; x_wconf 63' lang='lat' dir='ltr'><strong>—i</strong></span> <span class='ocrx_word' id='word_1_300' title='bbox 1067 2257 1155 2290; x_wconf 82' lang='grc' dir='ltr'>τοῖσι</span> <span class='ocrx_word' id='word_1_301' title='bbox 1184 2254 1310 2300; x_wconf 78' lang='grc' dir='ltr'>θεοῖσι;</span> 
     </span>
     <span class='ocr_line' id='line_1_36' title="bbox 274 2306 661 2359; baseline 0.005 -16"><span class='ocrx_word' id='word_1_302' title='bbox 274 2306 366 2344; x_wconf 81' lang='lat' dir='ltr'><strong>libri</strong></span> <span class='ocrx_word' id='word_1_303' title='bbox 383 2313 452 2351; x_wconf 89' lang='grc' dir='ltr'>τοῖς</span> <span class='ocrx_word' id='word_1_304' title='bbox 471 2308 567 2351; x_wconf 82' lang='grc' dir='ltr'>θεοῖς.</span> <span class='ocrx_word' id='word_1_305' title='bbox 584 2309 661 2359; x_wconf 94' lang='lat'><strong>—-)</strong></span> 
     </span>
    </p>
   </div>
   <div class='ocr_carea' id='block_1_3' title="bbox 272 2459 1314 3498">
    <p class='ocr_par' dir='ltr' id='par_1_7' title="bbox 273 2459 1314 2912">
     <span class='ocr_line' id='line_1_37' title="bbox 315 2459 1314 2505; baseline 0.004 -14"><span class='ocrx_word' id='word_1_306' title='bbox 315 2463 365 2492; x_wconf 83' lang='lat'><strong>55.</strong></span> <span class='ocrx_word' id='word_1_307' title='bbox 391 2459 547 2491; x_wconf 83' lang='lat' dir='ltr'><strong>Homines</strong></span> <span class='ocrx_word' id='word_1_308' title='bbox 574 2460 631 2500; x_wconf 88' lang='lat' dir='ltr'><strong>qui</strong></span> <span class='ocrx_word' id='word_1_309' title='bbox 655 2460 742 2493; x_wconf 85' lang='lat' dir='ltr'><strong>vires</strong></span> <span class='ocrx_word' id='word_1_310' title='bbox 770 2463 897 2493; x_wconf 79' lang='lat' dir='ltr'><strong>tantum</strong></span> <span class='ocrx_word' id='word_1_311' title='bbox 926 2464 961 2494; x_wconf 88' lang='lat' dir='ltr'><strong>et</strong></span> <span class='ocrx_word' id='word_1_312' title='bbox 988 2462 1089 2494; x_wconf 84' lang='lat' dir='ltr'><strong>robur</strong></span> <span class='ocrx_word' id='word_1_313' title='bbox 1116 2465 1150 2495; x_wconf 81' lang='lat' dir='ltr'><strong>et</strong></span> <span class='ocrx_word' id='word_1_314' title='bbox 1170 2463 1314 2505; x_wconf 85' lang='lat' dir='ltr'><strong>corporis</strong></span> 
     </span>
     <span class='ocr_line' id='line_1_38' title="bbox 273 2518 1313 2563; baseline 0.005 -13"><span class='ocrx_word' id='word_1_315' title='bbox 273 2518 477 2551; x_wconf 81' lang='lat' dir='ltr'><strong>velocitatem</strong></span> <span class='ocrx_word' id='word_1_316' title='bbox 498 2521 650 2551; x_wconf 75' lang='lat' dir='ltr'><strong>exercent</strong></span> <span class='ocrx_word' id='word_1_317' title='bbox 667 2521 700 2551; x_wconf 87' lang='lat' dir='ltr'><strong>et</strong></span> <span class='ocrx_word' id='word_1_318' title='bbox 718 2519 748 2552; x_wconf 89' lang='lat' dir='ltr'><strong>ei</strong></span> <span class='ocrx_word' id='word_1_319' title='bbox 767 2521 872 2553; x_wconf 91' lang='lat' dir='ltr'><strong>solum</strong></span> <span class='ocrx_word' id='word_1_320' title='bbox 897 2521 1025 2562; x_wconf 77' lang='lat' dir='ltr'><strong>gloriae,</strong></span> <span class='ocrx_word' id='word_1_321' title='bbox 1046 2531 1120 2563; x_wconf 84' lang='lat' dir='ltr'><strong>quae</strong></span> <span class='ocrx_word' id='word_1_322' title='bbox 1136 2522 1188 2555; x_wconf 89' lang='lat' dir='ltr'><strong>his</strong></span> <span class='ocrx_word' id='word_1_323' title='bbox 1212 2523 1313 2555; x_wconf 89' lang='lat' dir='ltr'><strong>rebus</strong></span> 
     </span>
     <span class='ocr_line' id='line_1_39' title="bbox 274 2578 1310 2623; baseline 0.007 -15"><span class='ocrx_word' id='word_1_324' title='bbox 274 2579 490 2619; x_wconf 84' lang='lat' dir='ltr'><strong>comparatur,</strong></span> <span class='ocrx_word' id='word_1_325' title='bbox 512 2578 677 2617; x_wconf 84' lang='lat' dir='ltr'><strong>serviunt,</strong></span> <span class='ocrx_word' id='word_1_326' title='bbox 697 2578 813 2620; x_wconf 85' lang='lat' dir='ltr'><strong>ingenii</strong></span> <span class='ocrx_word' id='word_1_327' title='bbox 831 2583 940 2613; x_wconf 86' lang='lat' dir='ltr'><strong>autem</strong></span> <span class='ocrx_word' id='word_1_328' title='bbox 967 2579 1081 2614; x_wconf 85' lang='lat' dir='ltr'><strong>curam</strong></span> <span class='ocrx_word' id='word_1_329' title='bbox 1097 2592 1162 2615; x_wconf 90' lang='lat' dir='ltr'><strong>non</strong></span> <span class='ocrx_word' id='word_1_330' title='bbox 1188 2584 1310 2623; x_wconf 85' lang='lat' dir='ltr'><strong>agunt:</strong></span> 
     </span>
     <span class='ocr_line' id='line_1_40' title="bbox 274 2634 1314 2682; baseline 0.009 -17"><span class='ocrx_word' id='word_1_331' title='bbox 274 2634 330 2666; x_wconf 84' lang='lat' dir='ltr'><strong>isti</strong></span> <span class='ocrx_word' id='word_1_332' title='bbox 357 2635 502 2676; x_wconf 80' lang='lat' dir='ltr'><strong>profecto</strong></span> <span class='ocrx_word' id='word_1_333' title='bbox 530 2636 698 2676; x_wconf 87' lang='lat' dir='ltr'><strong>nesciunt,</strong></span> <span class='ocrx_word' id='word_1_334' title='bbox 727 2646 762 2669; x_wconf 83' lang='lat' dir='ltr'><strong>se</strong></span> <span class='ocrx_word' id='word_1_335' title='bbox 782 2646 820 2669; x_wconf 84' lang='lat' dir='ltr'><strong>ea</strong></span> <span class='ocrx_word' id='word_1_336' title='bbox 841 2639 969 2671; x_wconf 86' lang='lat' dir='ltr'><strong>tantum</strong></span> <span class='ocrx_word' id='word_1_337' title='bbox 989 2649 1121 2680; x_wconf 79' lang='lat' dir='ltr'><strong>curare,</strong></span> <span class='ocrx_word' id='word_1_338' title='bbox 1142 2650 1216 2682; x_wconf 86' lang='lat' dir='ltr'><strong>quae</strong></span> <span class='ocrx_word' id='word_1_339' title='bbox 1238 2650 1314 2673; x_wconf 90' lang='lat' dir='ltr'><strong>cum</strong></span> 
     </span>
     <span class='ocr_line' id='line_1_41' title="bbox 274 2692 1312 2740; baseline 0.009 -16"><span class='ocrx_word' id='word_1_340' title='bbox 274 2692 390 2726; x_wconf 81' lang='lat' dir='ltr'><strong>belluis</strong></span> <span class='ocrx_word' id='word_1_341' title='bbox 413 2693 597 2726; x_wconf 89' lang='lat' dir='ltr'><strong>communia</strong></span> <span class='ocrx_word' id='word_1_342' title='bbox 616 2694 716 2726; x_wconf 90' lang='lat' dir='ltr'><strong>ethis</strong></span> <span class='ocrx_word' id='word_1_343' title='bbox 742 2696 846 2728; x_wconf 87' lang='lat' dir='ltr'><strong>multo</strong></span> <span class='ocrx_word' id='word_1_344' title='bbox 870 2697 1045 2730; x_wconf 85' lang='lat' dir='ltr'><strong>infirmiora</strong></span> <span class='ocrx_word' id='word_1_345' title='bbox 1069 2699 1208 2740; x_wconf 84' lang='lat' dir='ltr'><strong>habent,</strong></span> <span class='ocrx_word' id='word_1_346' title='bbox 1229 2699 1312 2732; x_wconf 82' lang='lat' dir='ltr'><strong>divi-</strong></span> 
     </span>
     <span class='ocr_line' id='line_1_42' title="bbox 274 2752 1314 2800; baseline 0.007 -16"><span class='ocrx_word' id='word_1_347' title='bbox 274 2752 442 2784; x_wconf 83' lang='lat' dir='ltr'><strong>nissimam</strong></span> <span class='ocrx_word' id='word_1_348' title='bbox 460 2761 538 2785; x_wconf 89' lang='lat' dir='ltr'><strong>vero</strong></span> <span class='ocrx_word' id='word_1_349' title='bbox 557 2754 683 2786; x_wconf 80' lang='lat' dir='ltr'><strong>naturae</strong></span> <span class='ocrx_word' id='word_1_350' title='bbox 701 2763 769 2786; x_wconf 79' lang='lat' dir='ltr'><strong>suae</strong></span> <span class='ocrx_word' id='word_1_351' title='bbox 788 2756 931 2796; x_wconf 87' lang='lat' dir='ltr'><strong>partem,</strong></span> <span class='ocrx_word' id='word_1_352' title='bbox 950 2766 1016 2797; x_wconf 83' lang='lat' dir='ltr'><strong>qua</strong></span> <span class='ocrx_word' id='word_1_353' title='bbox 1038 2758 1169 2790; x_wconf 87' lang='lat' dir='ltr'><strong>exculta</strong></span> <span class='ocrx_word' id='word_1_354' title='bbox 1186 2758 1268 2800; x_wconf 90' lang='lat' dir='ltr'><strong>ipsi,</strong></span> <span class='ocrx_word' id='word_1_355' title='bbox 1286 2757 1314 2790; x_wconf 91' lang='lat' dir='ltr'><strong>si</strong></span> 
     </span>
     <span class='ocr_line' id='line_1_43' title="bbox 276 2811 1313 2858; baseline 0.007 -15"><span class='ocrx_word' id='word_1_356' title='bbox 276 2811 325 2843; x_wconf 83' lang='lat' dir='ltr'><strong>sas</strong></span> <span class='ocrx_word' id='word_1_357' title='bbox 352 2812 421 2852; x_wconf 87' lang='lat' dir='ltr'><strong>est,</strong></span> <span class='ocrx_word' id='word_1_358' title='bbox 451 2811 587 2844; x_wconf 90' lang='lat' dir='ltr'><strong>deorum</strong></span> <span class='ocrx_word' id='word_1_359' title='bbox 617 2811 738 2844; x_wconf 87' lang='lat' dir='ltr'><strong>similes</strong></span> <span class='ocrx_word' id='word_1_360' title='bbox 759 2813 896 2846; x_wconf 85' lang='lat' dir='ltr'><strong>evadere</strong></span> <span class='ocrx_word' id='word_1_361' title='bbox 920 2814 1064 2856; x_wconf 80' lang='lat' dir='ltr'><strong>possint,</strong></span> <span class='ocrx_word' id='word_1_362' title='bbox 1097 2825 1230 2858; x_wconf 88' lang='lat' dir='ltr'><strong>prorsus</strong></span> <span class='ocrx_word' id='word_1_363' title='bbox 1253 2826 1313 2850; x_wconf 94' lang='lat' dir='ltr'><strong>ne-</strong></span> 
     </span>
     <span class='ocr_line' id='line_1_44' title="bbox 275 2869 404 2912; baseline 0.008 -11"><span class='ocrx_word' id='word_1_364' title='bbox 275 2869 404 2912; x_wconf 81' lang='lat' dir='ltr'><strong>gligere.</strong></span> 
     </span>
    </p>

    <p class='ocr_par' dir='ltr' id='par_1_8' title="bbox 272 2928 1314 3150">
     <span class='ocr_line' id='line_1_45' title="bbox 317 2928 1312 2972; baseline 0.005 -11"><span class='ocrx_word' id='word_1_365' title='bbox 317 2932 368 2961; x_wconf 87' lang='grc'><strong>56.</strong></span> <span class='ocrx_word' id='word_1_366' title='bbox 393 2928 500 2960; x_wconf 86' lang='lat' dir='ltr'><strong>Animi</strong></span> <span class='ocrx_word' id='word_1_367' title='bbox 526 2928 731 2970; x_wconf 75' lang='lat' dir='ltr'><strong>praesentiam</strong></span> <span class='ocrx_word' id='word_1_368' title='bbox 761 2929 793 2961; x_wconf 91' lang='lat' dir='ltr'><strong>in</strong></span> <span class='ocrx_word' id='word_1_369' title='bbox 824 2931 978 2972; x_wconf 89' lang='lat' dir='ltr'><strong>periculis</strong></span> <span class='ocrx_word' id='word_1_370' title='bbox 994 2941 1069 2965; x_wconf 89' lang='lat' dir='ltr'><strong>cum</strong></span> <span class='ocrx_word' id='word_1_371' title='bbox 1089 2933 1213 2966; x_wconf 89' lang='lat' dir='ltr'><strong>ratione</strong></span> <span class='ocrx_word' id='word_1_372' title='bbox 1236 2943 1312 2966; x_wconf 91' lang='lat' dir='ltr'><strong>con-</strong></span> 
     </span>
     <span class='ocr_line' id='line_1_46' title="bbox 272 2986 1314 3034; baseline 0.005 -14"><span class='ocrx_word' id='word_1_373' title='bbox 272 2988 418 3030; x_wconf 88' lang='lat' dir='ltr'><strong>junctam</strong></span> <span class='ocrx_word' id='word_1_374' title='bbox 444 2986 610 3020; x_wconf 86' lang='lat' dir='ltr'><strong>collaudes</strong></span> <span class='ocrx_word' id='word_1_375' title='bbox 629 2999 636 3019; x_wconf 82' lang='lat'>;</span> <span class='ocrx_word' id='word_1_376' title='bbox 654 2988 705 3020; x_wconf 84' lang='lat' dir='ltr'><strong>est</strong></span> <span class='ocrx_word' id='word_1_377' title='bbox 724 2987 808 3020; x_wconf 90' lang='lat' dir='ltr'><strong>enim</strong></span> <span class='ocrx_word' id='word_1_378' title='bbox 835 2989 992 3022; x_wconf 81' lang='lat' dir='ltr'><strong>fortitudo</strong></span> <span class='ocrx_word' id='word_1_379' title='bbox 1022 3003 1030 3022; x_wconf 75' lang='grc' dir='ltr'>ε</span> <span class='ocrx_word' id='word_1_380' title='bbox 1053 2991 1214 3034; x_wconf 86' lang='lat' dir='ltr'><strong>impetum</strong></span> <span class='ocrx_word' id='word_1_381' title='bbox 1235 3001 1314 3025; x_wconf 86' lang='lat' dir='ltr'><strong>vero</strong></span> 
     </span>
     <span class='ocr_line' id='line_1_47' title="bbox 275 3046 1313 3083; baseline 0.004 -5"><span class='ocrx_word' id='word_1_382' title='bbox 275 3046 318 3078; x_wconf 86' lang='lat' dir='ltr'><strong>ad</strong></span> <span class='ocrx_word' id='word_1_383' title='bbox 334 3055 372 3079; x_wconf 87' lang='lat' dir='ltr'><strong>ca</strong></span> <span class='ocrx_word' id='word_1_384' title='bbox 388 3046 538 3078; x_wconf 81' lang='lat' dir='ltr'><strong>obeunda</strong></span> <span class='ocrx_word' id='word_1_385' title='bbox 555 3055 706 3079; x_wconf 85' lang='lat' dir='ltr'><strong>aversum</strong></span> <span class='ocrx_word' id='word_1_386' title='bbox 727 3056 745 3079; x_wconf 85' lang='lat' dir='ltr'><strong>a</strong></span> <span class='ocrx_word' id='word_1_387' title='bbox 765 3048 853 3080; x_wconf 83' lang='lat' dir='ltr'><strong>recta</strong></span> <span class='ocrx_word' id='word_1_388' title='bbox 869 3047 995 3081; x_wconf 88' lang='lat' dir='ltr'><strong>ratione</strong></span> <span class='ocrx_word' id='word_1_389' title='bbox 1009 3049 1226 3082; x_wconf 82' lang='lat' dir='ltr'><strong>temeritatem</strong></span> <span class='ocrx_word' id='word_1_390' title='bbox 1250 3050 1313 3083; x_wconf 84' lang='lat' dir='ltr'><strong>exi-</strong></span> 
     </span>
     <span class='ocr_line' id='line_1_48' title="bbox 276 3104 637 3150; baseline 0 -14"><span class='ocrx_word' id='word_1_391' title='bbox 276 3104 389 3150; x_wconf 72' lang='lat' dir='ltr'><strong>stimes</strong></span> <span class='ocrx_word' id='word_1_392' title='bbox 411 3107 508 3145; x_wconf 85' lang='lat' dir='ltr'><strong>atque</strong></span> <span class='ocrx_word' id='word_1_393' title='bbox 521 3104 637 3137; x_wconf 88' lang='lat' dir='ltr'><strong>oderis.</strong></span> 
     </span>
    </p>

    <p class='ocr_par' dir='ltr' id='par_1_9' title="bbox 275 3162 1311 3264">
     <span class='ocr_line' id='line_1_49' title="bbox 318 3162 1311 3205; baseline 0.002 -10"><span class='ocrx_word' id='word_1_394' title='bbox 318 3165 369 3196; x_wconf 73' lang='lat'><strong>⁵7.</strong></span> <span class='ocrx_word' id='word_1_395' title='bbox 406 3162 558 3205; x_wconf 84' lang='lat' dir='ltr'><strong>Optimus</strong></span> <span class='ocrx_word' id='word_1_396' title='bbox 586 3163 784 3196; x_wconf 84' lang='lat' dir='ltr'><strong>matrimonii</strong></span> <span class='ocrx_word' id='word_1_397' title='bbox 811 3172 987 3197; x_wconf 86' lang='lat' dir='ltr'><strong>consensus</strong></span> <span class='ocrx_word' id='word_1_398' title='bbox 1009 3166 1077 3204; x_wconf 91' lang='lat' dir='ltr'><strong>est,</strong></span> <span class='ocrx_word' id='word_1_399' title='bbox 1107 3167 1140 3197; x_wconf 80' lang='lat' dir='ltr'><strong>si</strong></span> <span class='ocrx_word' id='word_1_400' title='bbox 1170 3167 1311 3205; x_wconf 82' lang='lat' dir='ltr'><strong>uterque</strong></span> 
     </span>
     <span class='ocr_line' id='line_1_50' title="bbox 275 3222 830 3264; baseline -0.002 -8"><span class='ocrx_word' id='word_1_401' title='bbox 275 3222 392 3263; x_wconf 87' lang='lat' dir='ltr'><strong>conjux</strong></span> <span class='ocrx_word' id='word_1_402' title='bbox 407 3222 652 3264; x_wconf 80' lang='lat' dir='ltr'><strong>temperantiam</strong></span> <span class='ocrx_word' id='word_1_403' title='bbox 669 3223 830 3256; x_wconf 83' lang='lat' dir='ltr'><strong>exerceat.</strong></span> 
     </span>
    </p>

    <p class='ocr_par' dir='ltr' id='par_1_10' title="bbox 274 3280 1314 3498">
     <span class='ocr_line' id='line_1_51' title="bbox 318 3280 1313 3323; baseline 0.004 -11"><span class='ocrx_word' id='word_1_404' title='bbox 318 3283 368 3312; x_wconf 91' lang='lat'><strong>58.</strong></span> <span class='ocrx_word' id='word_1_405' title='bbox 391 3281 462 3313; x_wconf 91' lang='lat' dir='ltr'><strong>Non</strong></span> <span class='ocrx_word' id='word_1_406' title='bbox 479 3280 696 3314; x_wconf 85' lang='lat' dir='ltr'><strong>dubitandum</strong></span> <span class='ocrx_word' id='word_1_407' title='bbox 718 3280 798 3321; x_wconf 89' lang='lat' dir='ltr'><strong>quin</strong></span> <span class='ocrx_word' id='word_1_408' title='bbox 823 3280 888 3313; x_wconf 89' lang='lat' dir='ltr'><strong>sint</strong></span> <span class='ocrx_word' id='word_1_409' title='bbox 903 3280 967 3321; x_wconf 90' lang='lat' dir='ltr'><strong>dii,</strong></span> <span class='ocrx_word' id='word_1_410' title='bbox 995 3282 1050 3313; x_wconf 91' lang='lat' dir='ltr'><strong>sed</strong></span> <span class='ocrx_word' id='word_1_411' title='bbox 1072 3282 1232 3323; x_wconf 88' lang='lat' dir='ltr'><strong>optimum</strong></span> <span class='ocrx_word' id='word_1_412' title='bbox 1261 3284 1313 3316; x_wconf 86' lang='lat' dir='ltr'><strong>est</strong></span> 
     </span>
     <span class='ocr_line' id='line_1_52' title="bbox 277 3337 1313 3381; baseline 0.002 -11"><span class='ocrx_word' id='word_1_413' title='bbox 277 3337 389 3370; x_wconf 80' lang='lat' dir='ltr'><strong>statim</strong></span> <span class='ocrx_word' id='word_1_414' title='bbox 410 3337 554 3370; x_wconf 87' lang='lat' dir='ltr'><strong>credere.</strong></span> <span class='ocrx_word' id='word_1_415' title='bbox 598 3339 681 3370; x_wconf 86' lang='lat' dir='ltr'><strong>Nam</strong></span> <span class='ocrx_word' id='word_1_416' title='bbox 702 3338 883 3380; x_wconf 75' lang='lat' dir='ltr'><strong>quaestione</strong></span> <span class='ocrx_word' id='word_1_417' title='bbox 914 3339 1080 3381; x_wconf 89' lang='lat' dir='ltr'><strong>proposita</strong></span> <span class='ocrx_word' id='word_1_418' title='bbox 1093 3364 1101 3379; x_wconf 95' lang='lat'><strong>,</strong></span> <span class='ocrx_word' id='word_1_419' title='bbox 1132 3340 1230 3372; x_wconf 85' lang='lat' dir='ltr'><strong>etiam</strong></span> <span class='ocrx_word' id='word_1_420' title='bbox 1260 3340 1313 3373; x_wconf 87' lang='lat' dir='ltr'><strong>ille</strong></span> 
     </span>
     <span class='ocr_line' id='line_1_53' title="bbox 276 3396 1314 3439; baseline 0 -7"><span class='ocrx_word' id='word_1_421' title='bbox 276 3398 334 3432; x_wconf 77' lang='lat' dir='ltr'><strong>uui</strong></span> <span class='ocrx_word' id='word_1_422' title='bbox 352 3396 573 3439; x_wconf 84' lang='lat' dir='ltr'><strong>impiissimam</strong></span> <span class='ocrx_word' id='word_1_423' title='bbox 593 3397 785 3431; x_wconf 82' lang='lat' dir='ltr'><strong>sententiam</strong></span> <span class='ocrx_word' id='word_1_424' title='bbox 805 3398 970 3439; x_wconf 80' lang='lat' dir='ltr'><strong>defendit,</strong></span> <span class='ocrx_word' id='word_1_425' title='bbox 987 3398 1065 3431; x_wconf 82' lang='lat' dir='ltr'><strong>deos</strong></span> <span class='ocrx_word' id='word_1_426' title='bbox 1082 3398 1234 3432; x_wconf 85' lang='lat' dir='ltr'><strong>videlicet</strong></span> <span class='ocrx_word' id='word_1_427' title='bbox 1250 3409 1314 3432; x_wconf 90' lang='lat' dir='ltr'><strong>non</strong></span> 
     </span>
     <span class='ocr_line' id='line_1_54' title="bbox 274 3459 700 3498; baseline 0.007 -11"><span class='ocrx_word' id='word_1_428' title='bbox 274 3464 367 3490; x_wconf 84' lang='lat' dir='ltr'><strong>esse.</strong></span> <span class='ocrx_word' id='word_1_429' title='bbox 387 3466 541 3498; x_wconf 85' lang='lat' dir='ltr'><strong>superare</strong></span> <span class='ocrx_word' id='word_1_430' title='bbox 555 3459 700 3490; x_wconf 85' lang='lat' dir='ltr'><strong>conatur.</strong></span> 
     </span>
    </p>
   </div>
   <div class='ocr_carea' id='block_1_4' title="bbox 1373 299 2417 433">
    <p class='ocr_par' dir='ltr' id='par_1_11' title="bbox 1373 299 2417 433">
     <span class='ocr_line' id='line_1_55' title="bbox 1425 299 2417 373; baseline 0.001 -15"><span class='ocrx_word' id='word_1_431' title='bbox 1425 331 1472 359; x_wconf 68' lang='grc' dir='ltr'><strong>ὅσ.</strong></span> <span class='ocrx_word' id='word_1_432' title='bbox 1502 318 1640 372; x_wconf 84' lang='grc' dir='ltr'>Θάρσος</span> <span class='ocrx_word' id='word_1_433' title='bbox 1655 317 1695 357; x_wconf 77' lang='grc' dir='ltr'><strong>τὸ</strong></span> <span class='ocrx_word' id='word_1_434' title='bbox 1710 316 1795 373; x_wconf 76' lang='grc' dir='ltr'>πρὸς</span> <span class='ocrx_word' id='word_1_435' title='bbox 1812 316 1855 356; x_wconf 81' lang='grc' dir='ltr'><strong>τὰ</strong></span> <span class='ocrx_word' id='word_1_436' title='bbox 1874 315 2006 371; x_wconf 75' lang='grc' dir='ltr'>φοὸερὸι</span> <span class='ocrx_word' id='word_1_437' title='bbox 2026 317 2087 357; x_wconf 79' lang='grc' dir='ltr'><strong>σὺν</strong></span> <span class='ocrx_word' id='word_1_438' title='bbox 2105 316 2197 372; x_wconf 80' lang='grc' dir='ltr'>λόγῳ</span> <span class='ocrx_word' id='word_1_439' title='bbox 2217 317 2328 358; x_wconf 81' lang='grc' dir='ltr'>αἴνεε·</span> <span class='ocrx_word' id='word_1_440' title='bbox 2347 299 2417 359; x_wconf 32' lang='grc' dir='ltr'>ἀν·-</span> 
     </span>
     <span class='ocr_line' id='line_1_56' title="bbox 1373 374 2410 433; baseline 0.002 -17"><span class='ocrx_word' id='word_1_441' title='bbox 1373 374 1476 429; x_wconf 78' lang='grc' dir='ltr'>δρηΐη</span> <span class='ocrx_word' id='word_1_442' title='bbox 1496 379 1563 430; x_wconf 90' lang='grc' dir='ltr'><strong>γάρ</strong></span> <span class='ocrx_word' id='word_1_443' title='bbox 1575 391 1583 400; x_wconf 91' lang='grc'>·</span> <span class='ocrx_word' id='word_1_444' title='bbox 1604 377 1667 424; x_wconf 84' lang='grc' dir='ltr'><strong>τὴν</strong></span> <span class='ocrx_word' id='word_1_445' title='bbox 1687 376 1722 416; x_wconf 86' lang='grc' dir='ltr'><strong>δὲ</strong></span> <span class='ocrx_word' id='word_1_446' title='bbox 1743 375 1833 428; x_wconf 80' lang='grc' dir='ltr'>μετὰ</span> <span class='ocrx_word' id='word_1_447' title='bbox 1853 375 1995 428; x_wconf 82' lang='grc' dir='ltr'>ἀλογίης</span> <span class='ocrx_word' id='word_1_448' title='bbox 2014 377 2068 415; x_wconf 83' lang='grc' dir='ltr'>ἐπ’</span> <span class='ocrx_word' id='word_1_449' title='bbox 2093 377 2181 416; x_wconf 82' lang='grc' dir='ltr'>αὐτὰ</span> <span class='ocrx_word' id='word_1_450' title='bbox 2200 377 2308 433; x_wconf 86' lang='grc' dir='ltr'>ὁρμὴν</span> <span class='ocrx_word' id='word_1_451' title='bbox 2325 377 2410 431; x_wconf 84' lang='grc' dir='ltr'>θρά-</span> 
     </span>
    </p>
   </div>
   <div class='ocr_carea' id='block_1_5' title="bbox 1373 435 1869 488">
    <p class='ocr_par' dir='ltr' id='par_1_12' title="bbox 1373 435 1869 488">
     <span class='ocr_line' id='line_1_57' title="bbox 1373 435 1869 488; baseline 0.002 -14"><span class='ocrx_word' id='word_1_452' title='bbox 1373 450 1431 481; x_wconf 90' lang='grc' dir='ltr'>σος</span> <span class='ocrx_word' id='word_1_453' title='bbox 1445 437 1562 487; x_wconf 86' lang='grc' dir='ltr'>νόμιζε</span> <span class='ocrx_word' id='word_1_454' title='bbox 1581 436 1642 475; x_wconf 74' lang='grc' dir='ltr'>καὶ</span> <span class='ocrx_word' id='word_1_455' title='bbox 1662 435 1869 488; x_wconf 82' lang='grc' dir='ltr'>ἀποστύγεε.</span> 
     </span>
    </p>
   </div>
   <div class='ocr_carea' id='block_1_6' title="bbox 1373 519 2416 1101">
    <p class='ocr_par' dir='ltr' id='par_1_13' title="bbox 1373 519 2416 982">
     <span class='ocr_line' id='line_1_58' title="bbox 1428 519 2413 572; baseline 0.002 -15"><span class='ocrx_word' id='word_1_456' title='bbox 1428 519 1626 570; x_wconf 88' lang='lat' dir='ltr'><strong>(Stobaeus</strong></span> <span class='ocrx_word' id='word_1_457' title='bbox 1644 519 1749 558; x_wconf 85' lang='lat' dir='ltr'><strong>Flor.</strong></span> <span class='ocrx_word' id='word_1_458' title='bbox 1770 519 1859 557; x_wconf 87' lang='lat' dir='ltr'>LIII</span> <span class='ocrx_word' id='word_1_459' title='bbox 1875 548 1885 569; x_wconf 95' lang='lat'><strong>‚</strong></span> <span class='ocrx_word' id='word_1_460' title='bbox 1911 532 1954 567; x_wconf 91' lang='lat'><strong>17</strong></span> <span class='ocrx_word' id='word_1_461' title='bbox 1973 521 2034 556; x_wconf 73' lang='grc' dir='ltr'><strong>τοῦ</strong></span> <span class='ocrx_word' id='word_1_462' title='bbox 2051 519 2171 560; x_wconf 78' lang='grc' dir='ltr'>αὐτοῦ.</span> <span class='ocrx_word' id='word_1_463' title='bbox 2191 519 2338 572; x_wconf 83' lang='lat' dir='ltr'><strong>Scripsi</strong></span> <span class='ocrx_word' id='word_1_464' title='bbox 2353 521 2413 560; x_wconf 81' lang='grc' dir='ltr'><strong>ἀν-</strong></span> 
     </span>
     <span class='ocr_line' id='line_1_59' title="bbox 1373 575 2412 632; baseline 0.004 -16"><span class='ocrx_word' id='word_1_465' title='bbox 1373 575 1476 630; x_wconf 78' lang='grc' dir='ltr'>δρηΐη</span> <span class='ocrx_word' id='word_1_466' title='bbox 1495 593 1568 631; x_wconf 88' lang='lat' dir='ltr'><strong>pro</strong></span> <span class='ocrx_word' id='word_1_467' title='bbox 1582 579 1688 629; x_wconf 83' lang='lat' dir='ltr'><strong>vulg.</strong></span> <span class='ocrx_word' id='word_1_468' title='bbox 1705 580 1867 632; x_wconf 81' lang='grc' dir='ltr'>ἀνδρηϊα.</span> <span class='ocrx_word' id='word_1_469' title='bbox 1887 580 2084 630; x_wconf 87' lang='lat' dir='ltr'><strong>Interpres</strong></span> <span class='ocrx_word' id='word_1_470' title='bbox 2094 578 2294 630; x_wconf 82' lang='lat' dir='ltr'><strong>Apollonii</strong></span> <span class='ocrx_word' id='word_1_471' title='bbox 2309 579 2412 619; x_wconf 83' lang='lat' dir='ltr'><strong>Rho-</strong></span> 
     </span>
     <span class='ocr_line' id='line_1_60' title="bbox 1374 635 2412 692; baseline 0 -16"><span class='ocrx_word' id='word_1_472' title='bbox 1374 638 1430 677; x_wconf 91' lang='lat' dir='ltr'><strong>dii</strong></span> <span class='ocrx_word' id='word_1_473' title='bbox 1459 638 1514 688; x_wconf 90' lang='lat'><strong>11,</strong></span> <span class='ocrx_word' id='word_1_474' title='bbox 1546 653 1591 687; x_wconf 88' lang='lat'><strong>77</strong></span> <span class='ocrx_word' id='word_1_475' title='bbox 1623 653 1632 676; x_wconf 92' lang='lat'><strong>:</strong></span> <span class='ocrx_word' id='word_1_476' title='bbox 1660 637 1799 692; x_wconf 84' lang='grc' dir='ltr'>Θάρσος</span> <span class='ocrx_word' id='word_1_477' title='bbox 1818 637 1853 676; x_wconf 83' lang='grc' dir='ltr'><strong>δὲ</strong></span> <span class='ocrx_word' id='word_1_478' title='bbox 1876 636 2020 689; x_wconf 86' lang='grc' dir='ltr'>θράσους</span> <span class='ocrx_word' id='word_1_479' title='bbox 2046 635 2214 690; x_wconf 80' lang='grc' dir='ltr'>διαφέρει.</span> <span class='ocrx_word' id='word_1_480' title='bbox 2270 637 2412 690; x_wconf 80' lang='grc' dir='ltr'>Θάρσος</span> 
     </span>
     <span class='ocr_line' id='line_1_61' title="bbox 1377 693 2414 749; baseline 0 -15"><span class='ocrx_word' id='word_1_481' title='bbox 1377 694 1443 749; x_wconf 83' lang='grc' dir='ltr'>γὰρ</span> <span class='ocrx_word' id='word_1_482' title='bbox 1464 695 1501 735; x_wconf 84' lang='grc' dir='ltr'><strong>τὸ</strong></span> <span class='ocrx_word' id='word_1_483' title='bbox 1518 696 1675 748; x_wconf 86' lang='grc' dir='ltr'>εὔλογον·</span> <span class='ocrx_word' id='word_1_484' title='bbox 1700 697 1823 749; x_wconf 85' lang='grc' dir='ltr'>θράσος</span> <span class='ocrx_word' id='word_1_485' title='bbox 1843 696 1879 736; x_wconf 85' lang='grc' dir='ltr'><strong>δὲ</strong></span> <span class='ocrx_word' id='word_1_486' title='bbox 1897 695 1936 734; x_wconf 75' lang='grc' dir='ltr'><strong>τὸ</strong></span> <span class='ocrx_word' id='word_1_487' title='bbox 1957 693 2046 746; x_wconf 75' lang='grc' dir='ltr'>μετὰ</span> <span class='ocrx_word' id='word_1_488' title='bbox 2065 694 2286 746; x_wconf 79' lang='grc' dir='ltr'>ἰταμότητος.</span> <span class='ocrx_word' id='word_1_489' title='bbox 2306 694 2414 735; x_wconf 73' lang='grc' dir='ltr'>Οὕτω</span> 
     </span>
     <span class='ocr_line' id='line_1_62' title="bbox 1374 753 2410 808; baseline 0.001 -16"><span class='ocrx_word' id='word_1_490' title='bbox 1374 755 1432 792; x_wconf 74' lang='grc' dir='ltr'>καὶ</span> <span class='ocrx_word' id='word_1_491' title='bbox 1453 754 1674 807; x_wconf 84' lang='grc' dir='ltr'>Ἀρίστιππος</span> <span class='ocrx_word' id='word_1_492' title='bbox 1693 757 1710 793; x_wconf 86' lang='grc' dir='ltr'>ὁ</span> <span class='ocrx_word' id='word_1_493' title='bbox 1730 755 1923 808; x_wconf 77' lang='grc' dir='ltr'>φιλόσοφος.</span> <span class='ocrx_word' id='word_1_494' title='bbox 1944 754 2135 792; x_wconf 88' lang='lat' dir='ltr'><strong>Similiter</strong></span> <span class='ocrx_word' id='word_1_495' title='bbox 2151 753 2380 793; x_wconf 83' lang='lat' dir='ltr'><strong>Ammonius</strong></span> <span class='ocrx_word' id='word_1_496' title='bbox 2401 768 2410 793; x_wconf 90' lang='lat'><strong>:</strong></span> 
     </span>
     <span class='ocr_line' id='line_1_63' title="bbox 1377 811 2414 867; baseline 0 -17"><span class='ocrx_word' id='word_1_497' title='bbox 1377 813 1499 865; x_wconf 83' lang='grc' dir='ltr'>θράσος</span> <span class='ocrx_word' id='word_1_498' title='bbox 1521 813 1581 852; x_wconf 78' lang='grc' dir='ltr'>καὶ</span> <span class='ocrx_word' id='word_1_499' title='bbox 1611 814 1733 867; x_wconf 89' lang='grc' dir='ltr'>θάρσος</span> <span class='ocrx_word' id='word_1_500' title='bbox 1755 815 1924 867; x_wconf 81' lang='grc' dir='ltr'>διαφέρει.</span> <span class='ocrx_word' id='word_1_501' title='bbox 1984 812 2125 865; x_wconf 86' lang='grc' dir='ltr'>Θράσος</span> <span class='ocrx_word' id='word_1_502' title='bbox 2145 811 2207 864; x_wconf 80' lang='grc' dir='ltr'><strong>μὲν</strong></span> <span class='ocrx_word' id='word_1_503' title='bbox 2232 811 2299 866; x_wconf 91' lang='grc' dir='ltr'><strong>γάρ</strong></span> <span class='ocrx_word' id='word_1_504' title='bbox 2322 815 2414 855; x_wconf 80' lang='grc' dir='ltr'>ἔστιν</span> 
     </span>
     <span class='ocr_line' id='line_1_64' title="bbox 1374 870 2416 926; baseline 0 -16"><span class='ocrx_word' id='word_1_505' title='bbox 1374 875 1396 919; x_wconf 82' lang='grc' dir='ltr'>ἡ</span> <span class='ocrx_word' id='word_1_506' title='bbox 1421 871 1542 924; x_wconf 83' lang='grc' dir='ltr'>ἄλογος</span> <span class='ocrx_word' id='word_1_507' title='bbox 1568 873 1683 924; x_wconf 70' lang='grc' dir='ltr'>ὁρμή,</span> <span class='ocrx_word' id='word_1_508' title='bbox 1704 873 1826 926; x_wconf 88' lang='grc' dir='ltr'>θάρσος</span> <span class='ocrx_word' id='word_1_509' title='bbox 1857 871 1892 911; x_wconf 80' lang='grc' dir='ltr'><strong>δὲ</strong></span> <span class='ocrx_word' id='word_1_510' title='bbox 1926 871 2066 923; x_wconf 86' lang='grc' dir='ltr'>ἔλλογος</span> <span class='ocrx_word' id='word_1_511' title='bbox 2092 870 2208 925; x_wconf 82' lang='grc' dir='ltr'>ὁρμή,</span> <span class='ocrx_word' id='word_1_512' title='bbox 2228 870 2299 911; x_wconf 78' lang='lat' dir='ltr'><strong>ubi</strong></span> <span class='ocrx_word' id='word_1_513' title='bbox 2325 871 2416 911; x_wconf 66' lang='lat' dir='ltr'><strong>vide</strong></span> 
     </span>
     <span class='ocr_line' id='line_1_65' title="bbox 1377 929 1697 982; baseline 0.013 -15"><span class='ocrx_word' id='word_1_514' title='bbox 1377 929 1697 982; x_wconf 85' lang='lat' dir='ltr'><strong>Valckenarium.)</strong></span> 
     </span>
    </p>

    <p class='ocr_par' dir='ltr' id='par_1_14' title="bbox 1375 992 2414 1101">
     <span class='ocr_line' id='line_1_66' title="bbox 1428 992 2414 1048; baseline -0.002 -14"><span class='ocrx_word' id='word_1_515' title='bbox 1428 1008 1477 1034; x_wconf 80' lang='lat'><strong>57.</strong></span> <span class='ocrx_word' id='word_1_516' title='bbox 1508 995 1631 1045; x_wconf 82' lang='grc' dir='ltr'>Γάμου</span> <span class='ocrx_word' id='word_1_517' title='bbox 1649 994 1775 1045; x_wconf 82' lang='grc' dir='ltr'>ἀρίστη</span> <span class='ocrx_word' id='word_1_518' title='bbox 1793 994 1970 1048; x_wconf 80' lang='grc' dir='ltr'>ξυμφωνίη</span> <span class='ocrx_word' id='word_1_519' title='bbox 1990 992 2204 1047; x_wconf 80' lang='grc' dir='ltr'>ἀμφοτέρους</span> <span class='ocrx_word' id='word_1_520' title='bbox 2225 993 2414 1047; x_wconf 77' lang='grc' dir='ltr'>σωφροσύ-</span> 
     </span>
     <span class='ocr_line' id='line_1_67' title="bbox 1375 1069 1592 1101; baseline 0 -11"><span class='ocrx_word' id='word_1_521' title='bbox 1375 1069 1435 1101; x_wconf 88' lang='grc' dir='ltr'><strong>νην</strong></span> <span class='ocrx_word' id='word_1_522' title='bbox 1446 1069 1592 1093; x_wconf 85' lang='grc' dir='ltr'>ασκεειν.</span> 
     </span>
    </p>
   </div>
   <div class='ocr_carea' id='block_1_7' title="bbox 1429 1117 2416 1235">
    <p class='ocr_par' dir='ltr' id='par_1_15' title="bbox 1429 1117 2416 1235">
     <span class='ocr_line' id='line_1_68' title="bbox 1430 1117 2245 1172; baseline 0.001 -15"><span class='ocrx_word' id='word_1_523' title='bbox 1430 1119 1627 1168; x_wconf 88' lang='lat' dir='ltr'><strong>(Stobaeus</strong></span> <span class='ocrx_word' id='word_1_524' title='bbox 1642 1118 1743 1157; x_wconf 86' lang='lat' dir='ltr'><strong>Flor.</strong></span> <span class='ocrx_word' id='word_1_525' title='bbox 1759 1118 1927 1167; x_wconf 89' lang='lat' dir='ltr'>LXXIV,</span> <span class='ocrx_word' id='word_1_526' title='bbox 1949 1124 2012 1164; x_wconf 63' lang='grc' dir='ltr'>[ιι.</span> <span class='ocrx_word' id='word_1_527' title='bbox 2031 1117 2217 1158; x_wconf 76' lang='grc' dir='ltr'>Εὖσεὸίου.</span> <span class='ocrx_word' id='word_1_528' title='bbox 2233 1117 2245 1172; x_wconf 94' lang='grc'><strong>)</strong></span> 
     </span>
     <span class='ocr_line' id='line_1_69' title="bbox 1429 1181 2416 1235; baseline -0.001 -13"><span class='ocrx_word' id='word_1_529' title='bbox 1429 1196 1477 1223; x_wconf 77' lang='lat'><strong>58.</strong></span> <span class='ocrx_word' id='word_1_530' title='bbox 1510 1183 1594 1224; x_wconf 79' lang='grc' dir='ltr'>Θεοὶ</span> <span class='ocrx_word' id='word_1_531' title='bbox 1632 1182 1684 1222; x_wconf 79' lang='grc' dir='ltr'><strong>ὅτι</strong></span> <span class='ocrx_word' id='word_1_532' title='bbox 1711 1183 1808 1232; x_wconf 86' lang='grc' dir='ltr'>ἔασι,</span> <span class='ocrx_word' id='word_1_533' title='bbox 1835 1184 1874 1222; x_wconf 84' lang='grc' dir='ltr'><strong>οὗ</strong></span> <span class='ocrx_word' id='word_1_534' title='bbox 1901 1182 1971 1235; x_wconf 82' lang='grc' dir='ltr'>χρὴ</span> <span class='ocrx_word' id='word_1_535' title='bbox 2006 1182 2182 1231; x_wconf 84' lang='grc' dir='ltr'>δίζεσθαι,</span> <span class='ocrx_word' id='word_1_536' title='bbox 2207 1182 2348 1223; x_wconf 79' lang='grc' dir='ltr'>αὖτόθεν</span> <span class='ocrx_word' id='word_1_537' title='bbox 2380 1181 2416 1221; x_wconf 80' lang='grc' dir='ltr'><strong>δὲ</strong></span> 
     </span>
    </p>
   </div>
   <div class='ocr_carea' id='block_1_8' title="bbox 1376 1240 2417 1409">
    <p class='ocr_par' dir='ltr' id='par_1_16' title="bbox 1376 1240 2417 1409">
     <span class='ocr_line' id='line_1_70' title="bbox 1377 1240 2415 1294; baseline 0.001 -15"><span class='ocrx_word' id='word_1_538' title='bbox 1377 1243 1514 1293; x_wconf 78' lang='grc' dir='ltr'>ἄριστον</span> <span class='ocrx_word' id='word_1_539' title='bbox 1545 1241 1828 1280; x_wconf 82' lang='grc' dir='ltr'>πεπιστευκέναι.</span> <span class='ocrx_word' id='word_1_540' title='bbox 1883 1241 2056 1289; x_wconf 82' lang='grc' dir='ltr'>Ζητήσιος</span> <span class='ocrx_word' id='word_1_541' title='bbox 2083 1241 2197 1294; x_wconf 82' lang='grc' dir='ltr'>γὰρπ</span> <span class='ocrx_word' id='word_1_542' title='bbox 2220 1240 2415 1292; x_wconf 84' lang='grc' dir='ltr'>οτεθείσης,</span> 
     </span>
     <span class='ocr_line' id='line_1_71' title="bbox 1376 1298 2417 1352; baseline -0.001 -14"><span class='ocrx_word' id='word_1_543' title='bbox 1376 1299 1435 1339; x_wconf 83' lang='grc' dir='ltr'>καὶ</span> <span class='ocrx_word' id='word_1_544' title='bbox 1457 1304 1474 1339; x_wconf 86' lang='grc' dir='ltr'>ὃ</span> <span class='ocrx_word' id='word_1_545' title='bbox 1493 1303 1543 1352; x_wconf 85' lang='grc' dir='ltr'><strong>τῷ</strong></span> <span class='ocrx_word' id='word_1_546' title='bbox 1562 1300 1785 1350; x_wconf 86' lang='grc' dir='ltr'>ἀνοσιωτάτῳ</span> <span class='ocrx_word' id='word_1_547' title='bbox 1805 1302 1873 1338; x_wconf 82' lang='grc' dir='ltr'><strong>τῶν</strong></span> <span class='ocrx_word' id='word_1_548' title='bbox 1891 1299 2027 1351; x_wconf 85' lang='grc' dir='ltr'>λόγων,</span> <span class='ocrx_word' id='word_1_549' title='bbox 2042 1301 2092 1352; x_wconf 80' lang='grc' dir='ltr'><strong>τῷ</strong></span> <span class='ocrx_word' id='word_1_550' title='bbox 2106 1298 2191 1350; x_wconf 82' lang='grc' dir='ltr'><strong>μὴε</strong></span> <span class='ocrx_word' id='word_1_551' title='bbox 2175 1314 2263 1338; x_wconf 89' lang='grc' dir='ltr'>εναι</span> <span class='ocrx_word' id='word_1_552' title='bbox 2281 1298 2417 1348; x_wconf 75' lang='grc' dir='ltr'>αὐτούς,</span> 
     </span>
     <span class='ocr_line' id='line_1_72' title="bbox 1376 1357 1941 1409; baseline 0.002 -12"><span class='ocrx_word' id='word_1_553' title='bbox 1376 1359 1622 1409; x_wconf 86' lang='grc' dir='ltr'>συνιστάμενος</span> <span class='ocrx_word' id='word_1_554' title='bbox 1641 1357 1749 1396; x_wconf 80' lang='grc' dir='ltr'>ἐθέλει</span> <span class='ocrx_word' id='word_1_555' title='bbox 1769 1357 1941 1409; x_wconf 85' lang='grc' dir='ltr'>κρατέειν.</span> 
     </span>
    </p>
   </div>
   <div class='ocr_carea' id='block_1_9' title="bbox 1431 1420 2232 1477">
    <p class='ocr_par' dir='ltr' id='par_1_17' title="bbox 1431 1420 2232 1477">
     <span class='ocr_line' id='line_1_73' title="bbox 1431 1420 2232 1477; baseline -0.001 -15"><span class='ocrx_word' id='word_1_556' title='bbox 1431 1423 1443 1475; x_wconf 90' lang='grc'>(</span> <span class='ocrx_word' id='word_1_557' title='bbox 1456 1423 1631 1462; x_wconf 85' lang='lat' dir='ltr'><strong>Stobaeus</strong></span> <span class='ocrx_word' id='word_1_558' title='bbox 1647 1422 1753 1462; x_wconf 88' lang='lat' dir='ltr'><strong>Flor.</strong></span> <span class='ocrx_word' id='word_1_559' title='bbox 1776 1421 1928 1477; x_wconf 75' lang='lat' dir='ltr'><strong>LXXX,</strong></span> <span class='ocrx_word' id='word_1_560' title='bbox 1957 1423 1995 1461; x_wconf 91' lang='lat'><strong>8.</strong></span> <span class='ocrx_word' id='word_1_561' title='bbox 2019 1420 2232 1473; x_wconf 73' lang='grc' dir='ltr'>Εὗσεὸίου.)</span> 
     </span>
    </p>
   </div>
   <div class='ocr_carea' id='block_1_10' title="bbox 1375 1479 2442 2362">
    <p class='ocr_par' dir='ltr' id='par_1_18' title="bbox 1375 1479 2442 2362">
     <span class='ocr_line' id='line_1_74' title="bbox 1430 1479 2436 1544; baseline -0.004 -12"><span class='ocrx_word' id='word_1_562' title='bbox 1430 1508 1477 1533; x_wconf 81' lang='lat'><strong>59.</strong></span> <span class='ocrx_word' id='word_1_563' title='bbox 1509 1491 1641 1531; x_wconf 83' lang='grc' dir='ltr'>Πολλοὶ</span> <span class='ocrx_word' id='word_1_564' title='bbox 1671 1494 1740 1531; x_wconf 86' lang='grc' dir='ltr'><strong>τῶν</strong></span> <span class='ocrx_word' id='word_1_565' title='bbox 1767 1491 1978 1544; x_wconf 83' lang='grc' dir='ltr'>ἀνθρώπων,</span> <span class='ocrx_word' id='word_1_566' title='bbox 1999 1489 2137 1529; x_wconf 80' lang='grc' dir='ltr'>ἐπειδὰν</span> <span class='ocrx_word' id='word_1_567' title='bbox 2165 1489 2310 1530; x_wconf 86' lang='grc' dir='ltr'>δοκέωσι</span> <span class='ocrx_word' id='word_1_568' title='bbox 2332 1479 2436 1543; x_wconf 47' lang='grc' dir='ltr'>παρ’.</span> 
     </span>
     <span class='ocr_line' id='line_1_75' title="bbox 1377 1547 2417 1604; baseline -0.003 -14"><span class='ocrx_word' id='word_1_569' title='bbox 1377 1551 1475 1600; x_wconf 81' lang='grc' dir='ltr'>ἀξίην</span> <span class='ocrx_word' id='word_1_570' title='bbox 1496 1551 1665 1604; x_wconf 86' lang='grc' dir='ltr'>πρήσσειν</span> <span class='ocrx_word' id='word_1_571' title='bbox 1677 1582 1688 1600; x_wconf 85' lang='grc'>,</span> <span class='ocrx_word' id='word_1_572' title='bbox 1708 1550 2060 1602; x_wconf 86' lang='grc' dir='ltr'>δυσανασχετέοντες,</span> <span class='ocrx_word' id='word_1_573' title='bbox 2078 1548 2200 1588; x_wconf 86' lang='grc' dir='ltr'>ἔπειτα</span> <span class='ocrx_word' id='word_1_574' title='bbox 2213 1547 2417 1601; x_wconf 84' lang='grc' dir='ltr'>δεινολογεό-</span> 
     </span>
     <span class='ocr_line' id='line_1_76' title="bbox 1378 1608 2416 1663; baseline -0.004 -13"><span class='ocrx_word' id='word_1_575' title='bbox 1378 1626 1473 1661; x_wconf 88' lang='grc' dir='ltr'>μενοι</span> <span class='ocrx_word' id='word_1_576' title='bbox 1492 1611 1577 1663; x_wconf 80' lang='grc' dir='ltr'>πρὸς</span> <span class='ocrx_word' id='word_1_577' title='bbox 1597 1610 1744 1654; x_wconf 79' lang='grc' dir='ltr'>ἑωυτοὺς</span> <span class='ocrx_word' id='word_1_578' title='bbox 1763 1608 1823 1647; x_wconf 76' lang='grc' dir='ltr'>καὶ</span> <span class='ocrx_word' id='word_1_579' title='bbox 1842 1609 1921 1653; x_wconf 75' lang='grc' dir='ltr'>τοὺς</span> <span class='ocrx_word' id='word_1_580' title='bbox 1941 1609 2197 1656; x_wconf 86' lang='grc' dir='ltr'>πλησιάζοντας</span> <span class='ocrx_word' id='word_1_581' title='bbox 2212 1608 2326 1648; x_wconf 84' lang='grc' dir='ltr'>τοιάδε</span> <span class='ocrx_word' id='word_1_582' title='bbox 2341 1608 2416 1646; x_wconf 84' lang='grc' dir='ltr'>δια-</span> 
     </span>
     <span class='ocr_line' id='line_1_77' title="bbox 1376 1666 2416 1719; baseline 0 -13"><span class='ocrx_word' id='word_1_583' title='bbox 1376 1668 1557 1719; x_wconf 84' lang='grc' dir='ltr'>λέγονται·</span> <span class='ocrx_word' id='word_1_584' title='bbox 1578 1669 1596 1705; x_wconf 82' lang='grc' dir='ltr'>ὁ</span> <span class='ocrx_word' id='word_1_585' title='bbox 1619 1667 1681 1718; x_wconf 85' lang='grc' dir='ltr'><strong>μὲν</strong></span> <span class='ocrx_word' id='word_1_586' title='bbox 1700 1666 1826 1719; x_wconf 88' lang='grc' dir='ltr'>γαμέει</span> <span class='ocrx_word' id='word_1_587' title='bbox 1845 1667 1905 1705; x_wconf 75' lang='grc' dir='ltr'>καὶ</span> <span class='ocrx_word' id='word_1_588' title='bbox 1925 1667 1960 1712; x_wconf 78' lang='grc' dir='ltr'><strong>ἐξ</strong></span> <span class='ocrx_word' id='word_1_589' title='bbox 1979 1668 2082 1707; x_wconf 87' lang='grc' dir='ltr'>οἴκων</span> <span class='ocrx_word' id='word_1_590' title='bbox 2101 1669 2169 1705; x_wconf 83' lang='grc' dir='ltr'><strong>τῶν</strong></span> <span class='ocrx_word' id='word_1_591' title='bbox 2189 1666 2416 1719; x_wconf 80' lang='grc' dir='ltr'>εὐδαιμόνων,</span> 
     </span>
     <span class='ocr_line' id='line_1_78' title="bbox 1377 1723 2418 1777; baseline 0 -15"><span class='ocrx_word' id='word_1_592' title='bbox 1377 1724 1445 1775; x_wconf 80' lang='grc' dir='ltr'><strong>ἐγὼ</strong></span> <span class='ocrx_word' id='word_1_593' title='bbox 1479 1725 1515 1763; x_wconf 80' lang='grc' dir='ltr'><strong>δὲ</strong></span> <span class='ocrx_word' id='word_1_594' title='bbox 1538 1725 1688 1777; x_wconf 78' lang='grc' dir='ltr'>ἄγαμος·</span> <span class='ocrx_word' id='word_1_595' title='bbox 1718 1725 1776 1764; x_wconf 79' lang='grc' dir='ltr'>καὶ</span> <span class='ocrx_word' id='word_1_596' title='bbox 1806 1727 1823 1763; x_wconf 84' lang='grc' dir='ltr'>ὁ</span> <span class='ocrx_word' id='word_1_597' title='bbox 1855 1724 1916 1775; x_wconf 81' lang='grc' dir='ltr'><strong>μὲν</strong></span> <span class='ocrx_word' id='word_1_598' title='bbox 1949 1725 2059 1773; x_wconf 86' lang='grc' dir='ltr'>οἷκίην</span> <span class='ocrx_word' id='word_1_599' title='bbox 2082 1724 2156 1777; x_wconf 86' lang='grc' dir='ltr'>ἔχει</span> <span class='ocrx_word' id='word_1_600' title='bbox 2177 1725 2334 1776; x_wconf 85' lang='grc' dir='ltr'>μεγάλην</span> <span class='ocrx_word' id='word_1_601' title='bbox 2359 1723 2418 1762; x_wconf 78' lang='grc' dir='ltr'>καὶ</span> 
     </span>
     <span class='ocr_line' id='line_1_79' title="bbox 1377 1778 2442 1835; baseline 0.001 -15"><span class='ocrx_word' id='word_1_602' title='bbox 1377 1782 1569 1833; x_wconf 88' lang='grc' dir='ltr'>οἰκοδομέει</span> <span class='ocrx_word' id='word_1_603' title='bbox 1591 1783 1882 1834; x_wconf 87' lang='grc' dir='ltr'>μεγαλοπρεπέως</span> <span class='ocrx_word' id='word_1_604' title='bbox 1899 1787 1914 1806; x_wconf 76' lang='lat'>⁸</span> <span class='ocrx_word' id='word_1_605' title='bbox 1933 1781 2136 1835; x_wconf 73' lang='grc' dir='ltr'>καὶάγροὺς</span> <span class='ocrx_word' id='word_1_606' title='bbox 2152 1782 2317 1830; x_wconf 86' lang='grc' dir='ltr'>κέκτηται</span> <span class='ocrx_word' id='word_1_607' title='bbox 2335 1783 2421 1821; x_wconf 88' lang='grc' dir='ltr'>πολ·</span> <span class='ocrx_word' id='word_1_608' title='bbox 2438 1778 2442 1785; x_wconf 69' lang='grc'>’</span> 
     </span>
     <span class='ocr_line' id='line_1_80' title="bbox 1375 1839 2419 1893; baseline -0.002 -13"><span class='ocrx_word' id='word_1_609' title='bbox 1375 1842 1454 1885; x_wconf 86' lang='grc' dir='ltr'>λούς</span> <span class='ocrx_word' id='word_1_610' title='bbox 1467 1872 1477 1891; x_wconf 88' lang='grc'>,</span> <span class='ocrx_word' id='word_1_611' title='bbox 1501 1840 1567 1893; x_wconf 82' lang='grc' dir='ltr'><strong>ἐγὼ</strong></span> <span class='ocrx_word' id='word_1_612' title='bbox 1588 1841 1622 1880; x_wconf 83' lang='grc' dir='ltr'><strong>δὲ</strong></span> <span class='ocrx_word' id='word_1_613' title='bbox 1641 1840 1793 1886; x_wconf 84' lang='grc' dir='ltr'>ἀνέστιος</span> <span class='ocrx_word' id='word_1_614' title='bbox 1811 1842 1871 1880; x_wconf 75' lang='grc' dir='ltr'>καὶ</span> <span class='ocrx_word' id='word_1_615' title='bbox 1892 1841 2077 1892; x_wconf 77' lang='grc' dir='ltr'>ἀκτήμων·</span> <span class='ocrx_word' id='word_1_616' title='bbox 2097 1840 2157 1879; x_wconf 89' lang='grc' dir='ltr'>καὶ</span> <span class='ocrx_word' id='word_1_617' title='bbox 2176 1843 2226 1893; x_wconf 76' lang='grc' dir='ltr'><strong>τῷ</strong></span> <span class='ocrx_word' id='word_1_618' title='bbox 2243 1840 2305 1891; x_wconf 87' lang='grc' dir='ltr'><strong>μὲν</strong></span> <span class='ocrx_word' id='word_1_619' title='bbox 2322 1839 2419 1892; x_wconf 87' lang='grc' dir='ltr'>πάρα</span> 
     </span>
     <span class='ocr_line' id='line_1_81' title="bbox 1376 1898 2417 1972; baseline -0.002 -34"><span class='ocrx_word' id='word_1_620' title='bbox 1376 1899 1488 1939; x_wconf 60' lang='grc' dir='ltr'>πολλὰ</span> <span class='ocrx_word' id='word_1_621' title='bbox 1520 1901 1708 1954; x_wconf 84' lang='grc' dir='ltr'>χρήματα,</span> <span class='ocrx_word' id='word_1_622' title='bbox 1739 1901 1800 1951; x_wconf 84' lang='grc' dir='ltr'><strong>ἐμὲ</strong></span> <span class='ocrx_word' id='word_1_623' title='bbox 1826 1899 1862 1938; x_wconf 86' lang='grc' dir='ltr'><strong>δὲ</strong></span> <span class='ocrx_word' id='word_1_624' title='bbox 1891 1900 2101 1972; x_wconf 79' lang='grc' dir='ltr'>ἀχρηματίη</span> <span class='ocrx_word' id='word_1_625' title='bbox 2128 1906 2227 1939; x_wconf 81' lang='grc' dir='ltr'>πᾶσα</span> <span class='ocrx_word' id='word_1_626' title='bbox 2250 1899 2338 1952; x_wconf 84' lang='grc' dir='ltr'>ἔχει·</span> <span class='ocrx_word' id='word_1_627' title='bbox 2359 1898 2417 1937; x_wconf 68' lang='grc' dir='ltr'>καὶ</span> 
     </span>
     <span class='ocr_line' id='line_1_82' title="bbox 1376 1957 2418 2010; baseline -0.002 -13"><span class='ocrx_word' id='word_1_628' title='bbox 1376 1958 1432 1997; x_wconf 76' lang='grc' dir='ltr'><strong>ὅδε</strong></span> <span class='ocrx_word' id='word_1_629' title='bbox 1453 1959 1513 2009; x_wconf 78' lang='grc' dir='ltr'><strong>μὲν</strong></span> <span class='ocrx_word' id='word_1_630' title='bbox 1531 1959 1591 1997; x_wconf 76' lang='grc' dir='ltr'>καὶ</span> <span class='ocrx_word' id='word_1_631' title='bbox 1604 1958 1701 1997; x_wconf 75' lang='grc' dir='ltr'>ὅδε”</span> <span class='ocrx_word' id='word_1_632' title='bbox 1679 1973 1826 2010; x_wconf 81' lang='grc' dir='ltr'>αρχουσι</span> <span class='ocrx_word' id='word_1_633' title='bbox 1843 1958 1903 1997; x_wconf 88' lang='grc' dir='ltr'>καὶ</span> <span class='ocrx_word' id='word_1_634' title='bbox 1920 1958 2107 2008; x_wconf 86' lang='grc' dir='ltr'>τιμέωνται</span> <span class='ocrx_word' id='word_1_635' title='bbox 2123 1958 2162 2006; x_wconf 71' lang='lat'><strong>¹³,</strong></span> <span class='ocrx_word' id='word_1_636' title='bbox 2177 1973 2216 1996; x_wconf 92' lang='grc' dir='ltr'><strong>το</strong></span> <span class='ocrx_word' id='word_1_637' title='bbox 2235 1958 2266 1996; x_wconf 89' lang='grc' dir='ltr'><strong>δ’</strong></span> <span class='ocrx_word' id='word_1_638' title='bbox 2283 1957 2367 2009; x_wconf 81' lang='grc' dir='ltr'>ἐμὸν</span> <span class='ocrx_word' id='word_1_639' title='bbox 2384 1959 2418 1995; x_wconf 71' lang='grc' dir='ltr'>ἓν</span> 
     </span>
     <span class='ocr_line' id='line_1_83' title="bbox 1376 2017 2416 2071; baseline -0.002 -14.996"><span class='ocrx_word' id='word_1_640' title='bbox 1376 2017 1519 2056; x_wconf 86' lang='grc' dir='ltr'>ἷδιωτεω</span> <span class='ocrx_word' id='word_1_641' title='bbox 1541 2017 1634 2071; x_wconf 82' lang='grc' dir='ltr'>λόγω</span> <span class='ocrx_word' id='word_1_642' title='bbox 1656 2017 1715 2056; x_wconf 82' lang='grc' dir='ltr'>καὶ</span> <span class='ocrx_word' id='word_1_643' title='bbox 1747 2017 1921 2069; x_wconf 89' lang='grc' dir='ltr'>ἀτίμου.</span> <span class='ocrx_word' id='word_1_644' title='bbox 1894 2022 1909 2040; x_wconf 81' lang='lat'><strong>⁰</strong></span> <span class='ocrx_word' id='word_1_645' title='bbox 1944 2017 2037 2070; x_wconf 82' lang='grc' dir='ltr'>Πρὸς</span> <span class='ocrx_word' id='word_1_646' title='bbox 2068 2017 2126 2062; x_wconf 78' lang='grc' dir='ltr'><strong>οὒς</strong></span> <span class='ocrx_word' id='word_1_647' title='bbox 2154 2017 2224 2070; x_wconf 84' lang='grc' dir='ltr'>χρὴ</span> <span class='ocrx_word' id='word_1_648' title='bbox 2245 2026 2416 2070; x_wconf 79' lang='grc' dir='ltr'>παραμυ-</span> 
     </span>
     <span class='ocr_line' id='line_1_84' title="bbox 1377 2068 2417 2128; baseline -0.001 -15"><span class='ocrx_word' id='word_1_649' title='bbox 1377 2075 1538 2124; x_wconf 80' lang='grc' dir='ltr'>θεύμενον</span> <span class='ocrx_word' id='word_1_650' title='bbox 1559 2079 1668 2114; x_wconf 81' lang='grc' dir='ltr'>ταῦτα</span> <span class='ocrx_word' id='word_1_651' title='bbox 1688 2075 1819 2127; x_wconf 84' lang='grc' dir='ltr'>λέγειν,</span> <span class='ocrx_word' id='word_1_652' title='bbox 1839 2077 1886 2119; x_wconf 80' lang='grc' dir='ltr'><strong>ὡς</strong></span> <span class='ocrx_word' id='word_1_653' title='bbox 1904 2076 1943 2114; x_wconf 81' lang='grc' dir='ltr'><strong>οὗ</strong></span> <span class='ocrx_word' id='word_1_654' title='bbox 1963 2076 2032 2128; x_wconf 89' lang='grc' dir='ltr'>χρὴ</span> <span class='ocrx_word' id='word_1_655' title='bbox 2054 2077 2110 2114; x_wconf 78' lang='grc' dir='ltr'>ἐπ’</span> <span class='ocrx_word' id='word_1_656' title='bbox 2131 2068 2247 2115; x_wconf 85' lang='grc' dir='ltr'>ἄλλων</span> <span class='ocrx_word' id='word_1_657' title='bbox 2275 2075 2417 2127; x_wconf 74' lang='grc' dir='ltr'>εὐτυχίῃ</span> 
     </span>
     <span class='ocr_line' id='line_1_85' title="bbox 1376 2131 2419 2186; baseline -0.001 -15"><span class='ocrx_word' id='word_1_658' title='bbox 1376 2134 1568 2186; x_wconf 70' lang='grc' dir='ltr'>ἄχθεσθαι,</span> <span class='ocrx_word' id='word_1_659' title='bbox 1589 2135 1666 2172; x_wconf 86' lang='grc' dir='ltr'>ἀλλ’</span> <span class='ocrx_word' id='word_1_660' title='bbox 1683 2133 1828 2181; x_wconf 88' lang='grc' dir='ltr'>η’δεσθαι</span> <span class='ocrx_word' id='word_1_661' title='bbox 1847 2132 1903 2171; x_wconf 83' lang='grc' dir='ltr'><strong>διὰ</strong></span> <span class='ocrx_word' id='word_1_662' title='bbox 1920 2132 1958 2171; x_wconf 83' lang='grc' dir='ltr'><strong>τὸ</strong></span> <span class='ocrx_word' id='word_1_663' title='bbox 1977 2132 2154 2184; x_wconf 82' lang='grc' dir='ltr'>ὁμογενές·</span> <span class='ocrx_word' id='word_1_664' title='bbox 2173 2132 2296 2171; x_wconf 79' lang='grc' dir='ltr'>εἰδέναι</span> <span class='ocrx_word' id='word_1_665' title='bbox 2316 2131 2351 2171; x_wconf 78' lang='grc' dir='ltr'><strong>δὲ</strong></span> <span class='ocrx_word' id='word_1_666' title='bbox 2366 2132 2419 2171; x_wconf 84' lang='grc' dir='ltr'><strong>ὅτι</strong></span> 
     </span>
     <span class='ocr_line' id='line_1_86' title="bbox 1376 2190 2420 2244; baseline -0.001 -13"><span class='ocrx_word' id='word_1_667' title='bbox 1376 2193 1434 2231; x_wconf 80' lang='grc' dir='ltr'>καὶ</span> <span class='ocrx_word' id='word_1_668' title='bbox 1459 2194 1556 2231; x_wconf 81' lang='grc' dir='ltr'>αὐτοὶ</span> <span class='ocrx_word' id='word_1_669' title='bbox 1576 2190 1876 2242; x_wconf 60' lang='grc' dir='ltr'><strong>πολυκτήμονες(1</strong></span> <span class='ocrx_word' id='word_1_670' title='bbox 1888 2222 1899 2240; x_wconf 91' lang='grc'>,</span> <span class='ocrx_word' id='word_1_671' title='bbox 1922 2193 1955 2236; x_wconf 81' lang='grc' dir='ltr'><strong>ἐς</strong></span> <span class='ocrx_word' id='word_1_672' title='bbox 1973 2207 2012 2230; x_wconf 90' lang='grc' dir='ltr'><strong>τε</strong></span> <span class='ocrx_word' id='word_1_673' title='bbox 2032 2190 2075 2230; x_wconf 84' lang='grc' dir='ltr'><strong>τὰ</strong></span> <span class='ocrx_word' id='word_1_674' title='bbox 2093 2194 2230 2232; x_wconf 75' lang='grc' dir='ltr'>ἑωυτῶν</span> <span class='ocrx_word' id='word_1_675' title='bbox 2248 2191 2420 2244; x_wconf 74' lang='grc' dir='ltr'>ἐγκύψαν-</span> 
     </span>
     <span class='ocr_line' id='line_1_87' title="bbox 1375 2249 2417 2304; baseline 0.001 -16"><span class='ocrx_word' id='word_1_676' title='bbox 1375 2267 1430 2294; x_wconf 90' lang='grc' dir='ltr'><strong>τες</strong></span> <span class='ocrx_word' id='word_1_677' title='bbox 1449 2254 1464 2272; x_wconf 72' lang='lat'><strong>‘²</strong></span> <span class='ocrx_word' id='word_1_678' title='bbox 1486 2250 1545 2290; x_wconf 77' lang='grc' dir='ltr'>καὶ</span> <span class='ocrx_word' id='word_1_679' title='bbox 1563 2249 1608 2289; x_wconf 82' lang='grc' dir='ltr'><strong>τὰ</strong></span> <span class='ocrx_word' id='word_1_680' title='bbox 1628 2251 1788 2290; x_wconf 83' lang='grc' dir='ltr'>ἐκείνοισι</span> <span class='ocrx_word' id='word_1_681' title='bbox 1810 2251 1985 2303; x_wconf 86' lang='grc' dir='ltr'>παρεόντα</span> <span class='ocrx_word' id='word_1_682' title='bbox 2009 2251 2285 2304; x_wconf 79' lang='grc' dir='ltr'>ἐπιφρασάμενοι</span> <span class='ocrx_word' id='word_1_683' title='bbox 2307 2249 2340 2301; x_wconf 76' lang='lat'><strong>¹,</strong></span> <span class='ocrx_word' id='word_1_684' title='bbox 2361 2252 2417 2289; x_wconf 81' lang='grc' dir='ltr'><strong>εὖ·</strong></span> 
     </span>
     <span class='ocr_line' id='line_1_88' title="bbox 1379 2308 2417 2362; baseline -0.001 -14"><span class='ocrx_word' id='word_1_685' title='bbox 1379 2310 1524 2362; x_wconf 82' lang='grc' dir='ltr'>ρήσουσι</span> <span class='ocrx_word' id='word_1_686' title='bbox 1557 2309 1704 2354; x_wconf 74' lang='grc' dir='ltr'>ἑωυτοὺς</span> <span class='ocrx_word' id='word_1_687' title='bbox 1736 2310 1876 2360; x_wconf 86' lang='grc' dir='ltr'>ἄμεινον</span> <span class='ocrx_word' id='word_1_688' title='bbox 1895 2308 2132 2362; x_wconf 77' lang='grc' dir='ltr'>πρήσσοντας·</span> <span class='ocrx_word' id='word_1_689' title='bbox 2158 2309 2218 2348; x_wconf 80' lang='grc' dir='ltr'>καὶ</span> <span class='ocrx_word' id='word_1_690' title='bbox 2235 2309 2288 2348; x_wconf 79' lang='grc' dir='ltr'><strong>ὅτι</strong></span> <span class='ocrx_word' id='word_1_691' title='bbox 2307 2308 2417 2353; x_wconf 74' lang='grc' dir='ltr'>οὐδεὶς</span> 
     </span>
    </p>
   </div>
   <div class='ocr_carea' id='block_1_11' title="bbox 1373 2459 2423 3501">
    <p class='ocr_par' dir='ltr' id='par_1_19' title="bbox 1373 2459 2414 3385">
     <span class='ocr_line' id='line_1_89' title="bbox 1417 2459 2414 2502; baseline -0.004 -6"><span class='ocrx_word' id='word_1_692' title='bbox 1417 2466 1467 2496; x_wconf 81' lang='lat'><strong>59.</strong></span> <span class='ocrx_word' id='word_1_693' title='bbox 1491 2462 1587 2496; x_wconf 92' lang='lat' dir='ltr'><strong>Multi</strong></span> <span class='ocrx_word' id='word_1_694' title='bbox 1617 2461 1763 2494; x_wconf 84' lang='lat' dir='ltr'><strong>homines</strong></span> <span class='ocrx_word' id='word_1_695' title='bbox 1775 2486 1784 2502; x_wconf 87' lang='lat'><strong><em>‚</em></strong></span> <span class='ocrx_word' id='word_1_696' title='bbox 1813 2470 1916 2502; x_wconf 85' lang='lat' dir='ltr'><strong>quum</strong></span> <span class='ocrx_word' id='word_1_697' title='bbox 1942 2460 2074 2502; x_wconf 86' lang='lat' dir='ltr'><strong>indigna</strong></span> <span class='ocrx_word' id='word_1_698' title='bbox 2096 2461 2184 2494; x_wconf 87' lang='lat' dir='ltr'><strong>sorte</strong></span> <span class='ocrx_word' id='word_1_699' title='bbox 2215 2459 2316 2502; x_wconf 83' lang='lat' dir='ltr'><strong>premi</strong></span> <span class='ocrx_word' id='word_1_700' title='bbox 2351 2459 2414 2493; x_wconf 84' lang='lat' dir='ltr'><strong>sibi</strong></span> 
     </span>
     <span class='ocr_line' id='line_1_90' title="bbox 1375 2518 2410 2562; baseline -0.001 -10"><span class='ocrx_word' id='word_1_701' title='bbox 1375 2521 1537 2558; x_wconf 87' lang='lat' dir='ltr'><strong>videntur,</strong></span> <span class='ocrx_word' id='word_1_702' title='bbox 1555 2529 1640 2562; x_wconf 85' lang='lat' dir='ltr'><strong>aegre</strong></span> <span class='ocrx_word' id='word_1_703' title='bbox 1656 2520 1797 2552; x_wconf 71' lang='lat' dir='ltr'><strong>terentes</strong></span> <span class='ocrx_word' id='word_1_704' title='bbox 1814 2528 1851 2551; x_wconf 88' lang='lat' dir='ltr'><strong>ac</strong></span> <span class='ocrx_word' id='word_1_705' title='bbox 1869 2518 1984 2551; x_wconf 87' lang='lat' dir='ltr'><strong>deinde</strong></span> <span class='ocrx_word' id='word_1_706' title='bbox 2001 2518 2144 2559; x_wconf 80' lang='lat' dir='ltr'><strong>graviter</strong></span> <span class='ocrx_word' id='word_1_707' title='bbox 2160 2519 2410 2560; x_wconf 77' lang='lat' dir='ltr'><strong>conquerentes,</strong></span> 
     </span>
     <span class='ocr_line' id='line_1_91' title="bbox 1374 2575 2410 2620; baseline -0.003 -9"><span class='ocrx_word' id='word_1_708' title='bbox 1374 2588 1439 2620; x_wconf 86' lang='lat' dir='ltr'><strong>qua</strong></span> <span class='ocrx_word' id='word_1_709' title='bbox 1452 2587 1563 2611; x_wconf 83' lang='lat' dir='ltr'><strong>secum</strong></span> <span class='ocrx_word' id='word_1_710' title='bbox 1578 2587 1643 2618; x_wconf 85' lang='lat' dir='ltr'><strong>qua</strong></span> <span class='ocrx_word' id='word_1_711' title='bbox 1656 2577 1741 2620; x_wconf 85' lang='lat' dir='ltr'><strong>apud</strong></span> <span class='ocrx_word' id='word_1_712' title='bbox 1757 2575 1931 2609; x_wconf 82' lang='lat' dir='ltr'><strong>familiares</strong></span> <span class='ocrx_word' id='word_1_713' title='bbox 1946 2575 2139 2618; x_wconf 86' lang='lat' dir='ltr'><strong>hujusmodi</strong></span> <span class='ocrx_word' id='word_1_714' title='bbox 2153 2575 2254 2609; x_wconf 80' lang='lat' dir='ltr'><strong>verba</strong></span> <span class='ocrx_word' id='word_1_715' title='bbox 2265 2575 2388 2609; x_wconf 78' lang='lat' dir='ltr'><strong>faciunt</strong></span> <span class='ocrx_word' id='word_1_716' title='bbox 2403 2587 2410 2608; x_wconf 90' lang='lat'><strong>:</strong></span> 
     </span>
     <span class='ocr_line' id='line_1_92' title="bbox 1374 2634 2413 2678; baseline -0.004 -7"><span class='ocrx_word' id='word_1_717' title='bbox 1374 2640 1440 2671; x_wconf 87' lang='lat' dir='ltr'><strong>Iste</strong></span> <span class='ocrx_word' id='word_1_718' title='bbox 1458 2647 1593 2671; x_wconf 85' lang='lat' dir='ltr'><strong>uxorem</strong></span> <span class='ocrx_word' id='word_1_719' title='bbox 1609 2636 1719 2677; x_wconf 76' lang='lat' dir='ltr'><strong>ducit,</strong></span> <span class='ocrx_word' id='word_1_720' title='bbox 1737 2636 1837 2678; x_wconf 88' lang='lat' dir='ltr'><strong>idque</strong></span> <span class='ocrx_word' id='word_1_721' title='bbox 1851 2645 1892 2669; x_wconf 84' lang='lat' dir='ltr'><strong>ex</strong></span> <span class='ocrx_word' id='word_1_722' title='bbox 1908 2635 2028 2668; x_wconf 79' lang='lat' dir='ltr'><strong>familia</strong></span> <span class='ocrx_word' id='word_1_723' title='bbox 2049 2635 2232 2677; x_wconf 84' lang='lat' dir='ltr'><strong>fortunata,</strong></span> <span class='ocrx_word' id='word_1_724' title='bbox 2257 2643 2317 2677; x_wconf 79' lang='lat' dir='ltr'><strong>ego</strong></span> <span class='ocrx_word' id='word_1_725' title='bbox 2332 2634 2413 2667; x_wconf 88' lang='lat' dir='ltr'><strong>inte-</strong></span> 
     </span>
     <span class='ocr_line' id='line_1_93' title="bbox 1374 2692 2411 2736; baseline -0.004 -6"><span class='ocrx_word' id='word_1_726' title='bbox 1374 2698 1436 2730; x_wconf 88' lang='lat' dir='ltr'><strong>rim</strong></span> <span class='ocrx_word' id='word_1_727' title='bbox 1454 2696 1603 2730; x_wconf 87' lang='lat' dir='ltr'><strong>coelibem</strong></span> <span class='ocrx_word' id='word_1_728' title='bbox 1624 2696 1726 2729; x_wconf 83' lang='lat' dir='ltr'><strong>vitam</strong></span> <span class='ocrx_word' id='word_1_729' title='bbox 1743 2695 1825 2736; x_wconf 84' lang='lat' dir='ltr'><strong>dego</strong></span> <span class='ocrx_word' id='word_1_730' title='bbox 1845 2707 1852 2727; x_wconf 89' lang='lat'>:</span> <span class='ocrx_word' id='word_1_731' title='bbox 1883 2695 1950 2727; x_wconf 87' lang='lat' dir='ltr'><strong>Iste</strong></span> <span class='ocrx_word' id='word_1_732' title='bbox 1974 2694 2109 2727; x_wconf 85' lang='lat' dir='ltr'><strong>domum</strong></span> <span class='ocrx_word' id='word_1_733' title='bbox 2125 2701 2274 2735; x_wconf 84' lang='lat' dir='ltr'><strong>magnam</strong></span> <span class='ocrx_word' id='word_1_734' title='bbox 2292 2692 2411 2735; x_wconf 81' lang='lat' dir='ltr'><strong>habet,</strong></span> 
     </span>
     <span class='ocr_line' id='line_1_94' title="bbox 1374 2751 2413 2797; baseline -0.005 -9"><span class='ocrx_word' id='word_1_735' title='bbox 1374 2755 1542 2797; x_wconf 77' lang='lat' dir='ltr'><strong>magnifice</strong></span> <span class='ocrx_word' id='word_1_736' title='bbox 1566 2754 1705 2793; x_wconf 78' lang='lat' dir='ltr'><strong>aedificat</strong></span> <span class='ocrx_word' id='word_1_737' title='bbox 1730 2755 1763 2786; x_wconf 87' lang='lat' dir='ltr'><strong>ct</strong></span> <span class='ocrx_word' id='word_1_738' title='bbox 1778 2762 1872 2795; x_wconf 83' lang='lat' dir='ltr'><strong>agros</strong></span> <span class='ocrx_word' id='word_1_739' title='bbox 1888 2752 2010 2785; x_wconf 85' lang='lat' dir='ltr'><strong>multos</strong></span> <span class='ocrx_word' id='word_1_740' title='bbox 2033 2751 2195 2794; x_wconf 84' lang='lat' dir='ltr'><strong>possidet,</strong></span> <span class='ocrx_word' id='word_1_741' title='bbox 2218 2761 2277 2794; x_wconf 81' lang='lat' dir='ltr'><strong>ego</strong></span> <span class='ocrx_word' id='word_1_742' title='bbox 2299 2752 2413 2784; x_wconf 84' lang='lat' dir='ltr'><strong>contra</strong></span> 
     </span>
     <span class='ocr_line' id='line_1_95' title="bbox 1375 2808 2413 2855; baseline -0.004 -8"><span class='ocrx_word' id='word_1_743' title='bbox 1375 2815 1444 2847; x_wconf 86' lang='lat' dir='ltr'><strong>sine</strong></span> <span class='ocrx_word' id='word_1_744' title='bbox 1475 2814 1571 2847; x_wconf 90' lang='lat' dir='ltr'><strong>domo</strong></span> <span class='ocrx_word' id='word_1_745' title='bbox 1598 2823 1635 2846; x_wconf 80' lang='lat' dir='ltr'><strong>ac</strong></span> <span class='ocrx_word' id='word_1_746' title='bbox 1662 2813 1731 2846; x_wconf 88' lang='lat' dir='ltr'><strong>sine</strong></span> <span class='ocrx_word' id='word_1_747' title='bbox 1763 2811 2023 2855; x_wconf 84' lang='lat' dir='ltr'><strong>possessionibus</strong></span> <span class='ocrx_word' id='word_1_748' title='bbox 2051 2811 2128 2844; x_wconf 79' lang='lat' dir='ltr'><strong>vivo</strong></span> <span class='ocrx_word' id='word_1_749' title='bbox 2157 2823 2166 2843; x_wconf 71' lang='grc' dir='ltr'>ε</span> <span class='ocrx_word' id='word_1_750' title='bbox 2194 2811 2262 2844; x_wconf 88' lang='lat' dir='ltr'><strong>Iste</strong></span> <span class='ocrx_word' id='word_1_751' title='bbox 2289 2808 2413 2843; x_wconf 84' lang='lat' dir='ltr'><strong>divitiis</strong></span> 
     </span>
     <span class='ocr_line' id='line_1_96' title="bbox 1374 2867 2410 2915; baseline -0.007 -9"><span class='ocrx_word' id='word_1_752' title='bbox 1374 2872 1501 2914; x_wconf 82' lang='lat' dir='ltr'><strong>affluit,</strong></span> <span class='ocrx_word' id='word_1_753' title='bbox 1520 2882 1580 2915; x_wconf 85' lang='lat' dir='ltr'><strong>ego</strong></span> <span class='ocrx_word' id='word_1_754' title='bbox 1595 2882 1672 2905; x_wconf 85' lang='lat' dir='ltr'><strong>vero</strong></span> <span class='ocrx_word' id='word_1_755' title='bbox 1696 2871 1730 2904; x_wconf 89' lang='lat' dir='ltr'><strong>in</strong></span> <span class='ocrx_word' id='word_1_756' title='bbox 1746 2879 1872 2904; x_wconf 86' lang='lat' dir='ltr'><strong>summa</strong></span> <span class='ocrx_word' id='word_1_757' title='bbox 1890 2869 2082 2903; x_wconf 83' lang='lat' dir='ltr'><strong>difficultate</strong></span> <span class='ocrx_word' id='word_1_758' title='bbox 2101 2867 2281 2902; x_wconf 83' lang='lat' dir='ltr'><strong>nummaria</strong></span> <span class='ocrx_word' id='word_1_759' title='bbox 2305 2874 2379 2900; x_wconf 82' lang='lat' dir='ltr'><strong>sum</strong></span> <span class='ocrx_word' id='word_1_760' title='bbox 2402 2881 2410 2900; x_wconf 71' lang='grc' dir='ltr'>ι</span> 
     </span>
     <span class='ocr_line' id='line_1_97' title="bbox 1376 2928 2412 2972; baseline -0.006 -8"><span class='ocrx_word' id='word_1_761' title='bbox 1376 2932 1436 2964; x_wconf 89' lang='lat' dir='ltr'><strong>Hic</strong></span> <span class='ocrx_word' id='word_1_762' title='bbox 1455 2932 1488 2964; x_wconf 88' lang='lat' dir='ltr'><strong>et</strong></span> <span class='ocrx_word' id='word_1_763' title='bbox 1505 2931 1560 2964; x_wconf 85' lang='lat' dir='ltr'><strong>ille</strong></span> <span class='ocrx_word' id='word_1_764' title='bbox 1578 2931 1801 2972; x_wconf 83' lang='lat' dir='ltr'><strong>magistratum</strong></span> <span class='ocrx_word' id='word_1_765' title='bbox 1817 2930 1936 2971; x_wconf 84' lang='lat' dir='ltr'><strong>gerunt</strong></span> <span class='ocrx_word' id='word_1_766' title='bbox 1951 2930 1986 2961; x_wconf 88' lang='lat' dir='ltr'><strong>et</strong></span> <span class='ocrx_word' id='word_1_767' title='bbox 2000 2928 2213 2968; x_wconf 85' lang='lat' dir='ltr'><strong>honorantur,</strong></span> <span class='ocrx_word' id='word_1_768' title='bbox 2228 2935 2289 2969; x_wconf 83' lang='lat' dir='ltr'><strong>ego</strong></span> <span class='ocrx_word' id='word_1_769' title='bbox 2301 2928 2412 2959; x_wconf 75' lang='lat' dir='ltr'><strong>autem</strong></span> 
     </span>
     <span class='ocr_line' id='line_1_98' title="bbox 1374 2982 2412 3031; baseline -0.003 -11"><span class='ocrx_word' id='word_1_770' title='bbox 1374 2989 1522 3031; x_wconf 78' lang='lat' dir='ltr'><strong>privatus</strong></span> <span class='ocrx_word' id='word_1_771' title='bbox 1545 2990 1579 3022; x_wconf 87' lang='lat' dir='ltr'><strong>et</strong></span> <span class='ocrx_word' id='word_1_772' title='bbox 1598 2989 1666 3022; x_wconf 87' lang='lat' dir='ltr'><strong>sine</strong></span> <span class='ocrx_word' id='word_1_773' title='bbox 1682 2988 1805 3021; x_wconf 89' lang='lat' dir='ltr'><strong>honore</strong></span> <span class='ocrx_word' id='word_1_774' title='bbox 1824 2987 1911 3020; x_wconf 85' lang='lat' dir='ltr'><strong>vivo.</strong></span> <span class='ocrx_word' id='word_1_775' title='bbox 1955 2982 2079 3019; x_wconf 86' lang='lat' dir='ltr'><strong>Verum</strong></span> <span class='ocrx_word' id='word_1_776' title='bbox 2095 2986 2177 3019; x_wconf 87' lang='lat' dir='ltr'><strong>tales</strong></span> <span class='ocrx_word' id='word_1_777' title='bbox 2196 2985 2344 3018; x_wconf 83' lang='lat' dir='ltr'><strong>homines</strong></span> <span class='ocrx_word' id='word_1_778' title='bbox 2365 2984 2412 3017; x_wconf 85' lang='lat' dir='ltr'><strong>sic</strong></span> 
     </span>
     <span class='ocr_line' id='line_1_99' title="bbox 1374 3042 2412 3090; baseline -0.004 -10"><span class='ocrx_word' id='word_1_779' title='bbox 1374 3049 1535 3080; x_wconf 86' lang='lat' dir='ltr'><strong>consolari</strong></span> <span class='ocrx_word' id='word_1_780' title='bbox 1551 3048 1696 3090; x_wconf 83' lang='lat' dir='ltr'><strong>oportet,</strong></span> <span class='ocrx_word' id='word_1_781' title='bbox 1718 3049 1757 3080; x_wconf 83' lang='lat' dir='ltr'><strong>ut</strong></span> <span class='ocrx_word' id='word_1_782' title='bbox 1774 3046 1937 3086; x_wconf 84' lang='lat' dir='ltr'><strong>dicamus,</strong></span> <span class='ocrx_word' id='word_1_783' title='bbox 1957 3054 2022 3077; x_wconf 91' lang='lat' dir='ltr'><strong>non</strong></span> <span class='ocrx_word' id='word_1_784' title='bbox 2040 3053 2112 3077; x_wconf 88' lang='lat' dir='ltr'><strong>esse</strong></span> <span class='ocrx_word' id='word_1_785' title='bbox 2131 3044 2308 3077; x_wconf 87' lang='lat' dir='ltr'><strong>dolendum</strong></span> <span class='ocrx_word' id='word_1_786' title='bbox 2334 3042 2412 3076; x_wconf 79' lang='lat' dir='ltr'><strong>alio-</strong></span> 
     </span>
     <span class='ocr_line' id='line_1_100' title="bbox 1375 3101 2409 3150; baseline -0.006 -11"><span class='ocrx_word' id='word_1_787' title='bbox 1375 3116 1449 3138; x_wconf 92' lang='lat' dir='ltr'><strong>rum</strong></span> <span class='ocrx_word' id='word_1_788' title='bbox 1465 3107 1617 3139; x_wconf 78' lang='lat' dir='ltr'><strong>felicitate</strong></span> <span class='ocrx_word' id='word_1_789' title='bbox 1631 3132 1638 3146; x_wconf 95' lang='lat'><strong>,</strong></span> <span class='ocrx_word' id='word_1_790' title='bbox 1655 3106 1712 3138; x_wconf 90' lang='lat' dir='ltr'><strong>sed</strong></span> <span class='ocrx_word' id='word_1_791' title='bbox 1725 3104 1933 3150; x_wconf 84' lang='lat' dir='ltr'><strong>gaudendum</strong></span> <span class='ocrx_word' id='word_1_792' title='bbox 1944 3128 1953 3144; x_wconf 86' lang='lat'><strong>,</strong></span> <span class='ocrx_word' id='word_1_793' title='bbox 1968 3103 2046 3144; x_wconf 88' lang='lat' dir='ltr'><strong>quia</strong></span> <span class='ocrx_word' id='word_1_794' title='bbox 2059 3103 2163 3135; x_wconf 86' lang='lat' dir='ltr'><strong>nostri</strong></span> <span class='ocrx_word' id='word_1_795' title='bbox 2178 3102 2305 3144; x_wconf 85' lang='lat' dir='ltr'><strong>cognati</strong></span> <span class='ocrx_word' id='word_1_796' title='bbox 2321 3101 2409 3134; x_wconf 79' lang='lat' dir='ltr'><strong>sint:</strong></span> 
     </span>
     <span class='ocr_line' id='line_1_101' title="bbox 1374 3150 2411 3206; baseline -0.005 -9"><span class='ocrx_word' id='word_1_797' title='bbox 1374 3150 1540 3197; x_wconf 87' lang='lat' dir='ltr'><strong>sciendum</strong></span> <span class='ocrx_word' id='word_1_798' title='bbox 1557 3167 1666 3197; x_wconf 86' lang='lat' dir='ltr'><strong>autem</strong></span> <span class='ocrx_word' id='word_1_799' title='bbox 1678 3189 1687 3205; x_wconf 83' lang='lat'><strong>,</strong></span> <span class='ocrx_word' id='word_1_800' title='bbox 1699 3164 1789 3206; x_wconf 82' lang='lat' dir='ltr'><strong>-ipsos</strong></span> <span class='ocrx_word' id='word_1_801' title='bbox 1805 3171 1935 3204; x_wconf 87' lang='lat' dir='ltr'><strong>quoque</strong></span> <span class='ocrx_word' id='word_1_802' title='bbox 1950 3161 2068 3194; x_wconf 87' lang='lat' dir='ltr'><strong>divites</strong></span> <span class='ocrx_word' id='word_1_803' title='bbox 2084 3170 2155 3194; x_wconf 87' lang='lat' dir='ltr'><strong>esse</strong></span> <span class='ocrx_word' id='word_1_804' title='bbox 2165 3186 2173 3202; x_wconf 97' lang='lat'><strong>,</strong></span> <span class='ocrx_word' id='word_1_805' title='bbox 2188 3160 2236 3194; x_wconf 89' lang='lat' dir='ltr'><strong>ita</strong></span> <span class='ocrx_word' id='word_1_806' title='bbox 2249 3162 2289 3193; x_wconf 89' lang='lat' dir='ltr'><strong>ut</strong></span> <span class='ocrx_word' id='word_1_807' title='bbox 2307 3160 2336 3192; x_wconf 86' lang='lat' dir='ltr'><strong>si</strong></span> <span class='ocrx_word' id='word_1_808' title='bbox 2350 3169 2411 3192; x_wconf 89' lang='lat' dir='ltr'><strong>sua</strong></span> 
     </span>
     <span class='ocr_line' id='line_1_102' title="bbox 1373 3218 2409 3262; baseline -0.006 -6"><span class='ocrx_word' id='word_1_809' title='bbox 1373 3224 1484 3256; x_wconf 78' lang='lat' dir='ltr'><strong>intuiti</strong></span> <span class='ocrx_word' id='word_1_810' title='bbox 1500 3223 1619 3256; x_wconf 81' lang='lat' dir='ltr'><strong>fuerint</strong></span> <span class='ocrx_word' id='word_1_811' title='bbox 1641 3225 1676 3256; x_wconf 84' lang='lat' dir='ltr'><strong>ct</strong></span> <span class='ocrx_word' id='word_1_812' title='bbox 1689 3230 1803 3255; x_wconf 83' lang='lat' dir='ltr'><strong>rursus</strong></span> <span class='ocrx_word' id='word_1_813' title='bbox 1815 3230 1852 3254; x_wconf 88' lang='lat' dir='ltr'><strong>ea</strong></span> <span class='ocrx_word' id='word_1_814' title='bbox 1863 3229 1938 3262; x_wconf 82' lang='lat' dir='ltr'><strong>quae</strong></span> <span class='ocrx_word' id='word_1_815' title='bbox 1957 3220 2027 3253; x_wconf 88' lang='lat' dir='ltr'><strong>aliis</strong></span> <span class='ocrx_word' id='word_1_816' title='bbox 2045 3219 2180 3260; x_wconf 85' lang='lat' dir='ltr'><strong>adsunt,</strong></span> <span class='ocrx_word' id='word_1_817' title='bbox 2194 3218 2409 3258; x_wconf 84' lang='lat' dir='ltr'><strong>considerent,</strong></span> 
     </span>
     <span class='ocr_line' id='line_1_103' title="bbox 1373 3278 2411 3325; baseline -0.005 -10"><span class='ocrx_word' id='word_1_818' title='bbox 1373 3284 1490 3317; x_wconf 86' lang='lat' dir='ltr'><strong>meiius</strong></span> <span class='ocrx_word' id='word_1_819' title='bbox 1510 3293 1622 3317; x_wconf 89' lang='lat' dir='ltr'><strong>secum</strong></span> <span class='ocrx_word' id='word_1_820' title='bbox 1651 3282 1703 3325; x_wconf 84' lang='lat' dir='ltr'><strong>agi</strong></span> <span class='ocrx_word' id='word_1_821' title='bbox 1721 3281 1885 3315; x_wconf 82' lang='lat' dir='ltr'><strong>inventuri</strong></span> <span class='ocrx_word' id='word_1_822' title='bbox 1914 3280 2000 3321; x_wconf 79' lang='lat' dir='ltr'><strong>sint3</strong></span> <span class='ocrx_word' id='word_1_823' title='bbox 2021 3287 2126 3321; x_wconf 86' lang='lat' dir='ltr'><strong>neque</strong></span> <span class='ocrx_word' id='word_1_824' title='bbox 2151 3287 2344 3320; x_wconf 87' lang='lat' dir='ltr'><strong>quemquam</strong></span> <span class='ocrx_word' id='word_1_825' title='bbox 2369 3278 2411 3310; x_wconf 92' lang='lat' dir='ltr'><strong>ob</strong></span> 
     </span>
     <span class='ocr_line' id='line_1_104' title="bbox 1374 3336 2304 3385; baseline -0.005 -11"><span class='ocrx_word' id='word_1_826' title='bbox 1374 3343 1508 3376; x_wconf 85' lang='lat' dir='ltr'><strong>alterius</strong></span> <span class='ocrx_word' id='word_1_827' title='bbox 1529 3341 1777 3385; x_wconf 80' lang='lat' dir='ltr'><strong>prosperitatem</strong></span> <span class='ocrx_word' id='word_1_828' title='bbox 1792 3339 1903 3373; x_wconf 83' lang='lat' dir='ltr'><strong>debita</strong></span> <span class='ocrx_word' id='word_1_829' title='bbox 1921 3339 1984 3371; x_wconf 91' lang='lat' dir='ltr'><strong>sibi</strong></span> <span class='ocrx_word' id='word_1_830' title='bbox 2003 3337 2155 3371; x_wconf 78' lang='lat' dir='ltr'><strong>felicitate</strong></span> <span class='ocrx_word' id='word_1_831' title='bbox 2172 3336 2304 3380; x_wconf 87' lang='lat' dir='ltr'><strong>privari.</strong></span> 
     </span>
    </p>

    <p class='ocr_par' dir='ltr' id='par_1_20' title="bbox 1376 3394 2423 3501">
     <span class='ocr_line' id='line_1_105' title="bbox 1416 3394 2409 3442; baseline -0.008 -8"><span class='ocrx_word' id='word_1_832' title='bbox 1416 3405 1467 3434; x_wconf 89' lang='grc'><strong>60.</strong></span> <span class='ocrx_word' id='word_1_833' title='bbox 1492 3401 1572 3442; x_wconf 89' lang='lat' dir='ltr'><strong>Qui,</strong></span> <span class='ocrx_word' id='word_1_834' title='bbox 1591 3410 1694 3442; x_wconf 91' lang='lat' dir='ltr'><strong>quum</strong></span> <span class='ocrx_word' id='word_1_835' title='bbox 1714 3398 1835 3441; x_wconf 88' lang='lat' dir='ltr'><strong>aliquid</strong></span> <span class='ocrx_word' id='word_1_836' title='bbox 1859 3398 2034 3431; x_wconf 79' lang='lat' dir='ltr'><strong>molestum</strong></span> <span class='ocrx_word' id='word_1_837' title='bbox 2052 3396 2184 3437; x_wconf 85' lang='lat' dir='ltr'><strong>incidit,</strong></span> <span class='ocrx_word' id='word_1_838' title='bbox 2206 3394 2268 3427; x_wconf 88' lang='lat' dir='ltr'><strong>diis</strong></span> <span class='ocrx_word' id='word_1_839' title='bbox 2291 3394 2409 3427; x_wconf 76' lang='lat' dir='ltr'><strong>irasci-</strong></span> 
     </span>
     <span class='ocr_line' id='line_1_106' title="bbox 1376 3456 2423 3501; baseline -0.006 -7"><span class='ocrx_word' id='word_1_840' title='bbox 1376 3462 1442 3500; x_wconf 87' lang='lat' dir='ltr'><strong>tur,</strong></span> <span class='ocrx_word' id='word_1_841' title='bbox 1461 3469 1489 3493; x_wconf 88' lang='lat' dir='ltr'><strong>1s</strong></span> <span class='ocrx_word' id='word_1_842' title='bbox 1506 3459 1610 3501; x_wconf 86' lang='lat' dir='ltr'><strong>majus</strong></span> <span class='ocrx_word' id='word_1_843' title='bbox 1630 3458 1692 3492; x_wconf 89' lang='lat' dir='ltr'><strong>sibi</strong></span> <span class='ocrx_word' id='word_1_844' title='bbox 1707 3457 1829 3491; x_wconf 79' lang='lat' dir='ltr'><strong>malum</strong></span> <span class='ocrx_word' id='word_1_845' title='bbox 1844 3456 1972 3499; x_wconf 77' lang='lat' dir='ltr'><strong>quoerit.</strong></span> <span class='ocrx_word' id='word_1_846' title='bbox 2421 3456 2423 3458; x_wconf 81' lang='grc'>’</span> 
     </span>
    </p>
   </div>
   <div class='ocr_carea' id='block_1_12' title="bbox 2480 0 2528 274">
    <p class='ocr_par' dir='ltr' id='par_1_21' title="bbox 2480 0 2528 274">
     <span class='ocr_line' id='line_1_107' title="bbox 2480 0 2528 274; baseline 0 3514"><span class='ocrx_word' id='word_1_847' title='bbox 2480 0 2528 274; x_wconf 95' lang='lat' dir='ltr'><strong> </strong></span> 
     </span>
    </p>
   </div>
  </div>
 </body>
</html>
