2508 3776
268 195 345 234 438

266 281 359 319 αἰτία
380 282 414 318 ἐν
428 282 477 330 τῷ
500 281 663 316 ποιοῦντι·
687 277 832 330 ἀτεχνία
853 279 889 318 δὲ
906 280 1117 329 τοῦναντίον,
1139 285 1227 333 μετὰ
1247 283 1306 322 λό-

263 354 323 389 γου
345 340 487 390 ψευδοῦς
507 334 672 383 ποιητικὴ
693 334 781 387 ἕξις,
813 337 892 390 περὶ
921 338 960 376 τὸ
987 339 1209 392 ἐνδεχόμενον
1241 342 1304 380 ἄλ-

261 398 328 439 λως
345 398 452 448 ἔχειν.

316 454 486 507 (Scripsi
504 468 513 492 ε
530 463 544 480 ²
562 454 621 493 καὶ
635 453 773 501 ποίησις
786 453 848 504 μέν
864 455 971 503 ἐστιν,
986 451 1026 503 ἧς
1043 458 1082 494 τὸ
1100 457 1199 510 ἔργον
1220 458 1308 509 μετὰ

259 513 322 560 τὴν
338 513 500 566 ποίησιν]
518 526 566 552 ex
586 514 734 553 Heinsii
752 514 1000 565 conjectura;
1021 516 1108 554 cod.
1127 516 1187 554 καὶ
1206 516 1307 565 ποίη-

261 587 312 615 σις
333 572 395 622 μέν
417 575 531 623 ἐστιν,
553 567 593 620 ἧς
613 572 652 611 τὸ
667 603 677 622 ‚
701 572 772 611 ubi
793 573 1035 613 desideratur
1057 576 1222 627 simplex
1245 579 1305 623 τ’ῆς

259 632 431 678 ποιήσεως
456 633 538 671 sive
568 632 785 671 effectionis
813 633 1012 682 definitio,
1043 647 1162 685 quam
1194 634 1242 672 ab
1272 648 1307 673 a·

259 692 388 730 ctione
406 691 495 744 (ἀπὸ
512 693 571 738 τ’ἥς
590 691 766 743 πράξεως)
789 706 874 731 cum
890 693 1000 741 alibi,
1022 702 1100 731 tum
1122 693 1308 732 politico-

260 765 345 789 rum
368 752 495 803 primo
529 760 567 790 et
595 751 872 791 Eudemiorum
906 753 1042 805 quinto
1076 753 1307 793 Aristoteles

258 810 477 861 distinguit.
496 832 547 841 —
564 809 581 834 b
597 812 632 850 ἐν
653 810 828 865 θεμελίῳ]
852 811 939 851 cod.
973 811 1137 866 θεμελίῳ.
1157 814 1233 864 -)

689 930 782 982 Κεφ.
812 927 857 974 ς’.

629 1035 710 1078 Περὶ
731 1036 926 1079 φρονήσεως.

313 1135 333 1158 *
353 1137 426 1175 Νυν
449 1134 485 1173 δὲ
520 1134 679 1186 λέγωμεν
710 1134 790 1186 περὶ
819 1135 1030 1188 φρονήσεως.
1049 1136 1190 1176 Γένοιτο
1214 1136 1243 1175 δ’
1263 1135 1304 1176 ἂν

259 1193 370 1245 σαφὴς
386 1197 404 1232 ὁ
430 1209 509 1246 περι
536 1196 597 1241 τῆς
618 1193 815 1246 φρονήσεως
841 1194 964 1246 λόγος,
1000 1197 1029 1234 εἰ
1055 1196 1301 1248 θεωρήσομεν,

256 1252 379 1296 τίνας”ι
400 1252 547 1304 λέγομεν
582 1255 670 1291 εἶναι
709 1253 909 1306 φρονίμους.
941 1257 1046 1293 Δοκεῖ
1070 1255 1111 1302 δὴ
1143 1255 1305 1308 φρόνιμος

256 1314 366 1359 εἶναι,
397 1311 432 1356 ὃς
462 1312 606 1350 δύναται
635 1313 750 1355 καλως
784 1313 1014 1363 βουλεύεσθαι
1034 1313 1178 1366 περὶτὰ
1209 1313 1304 1364 αὐτῷ

257 1371 370 1422 ἀγαθὰ
391 1387 450 1409 και
464 1371 712 1423 συμφέροντα,
735 1374 773 1410 οὖ
800 1371 878 1424 περὶ
902 1374 970 1410 τῶν
987 1374 1138 1425 μερικῶν
1158 1373 1299 1424 ἀγαθων

256 1432 502 1480 σκοπούμενος·
534 1434 616 1478 οῖον,
643 1429 724 1482 περὶ
759 1432 908 1481 υγιείας,
930 1431 952 1478 ἢ
979 1431 1122 1483 ἰσχύος,
1147 1430 1169 1477 ἢ
1198 1432 1304 1470 ἄλλου

254 1489 366 1536 τινός,
388 1489 447 1527 καὶ
466 1492 535 1527 τῶν
559 1490 644 1542 πρὸς
675 1493 786 1528 ταῦτα
808 1490 996 1543 φερόντων·
1022 1491 1113 1529 ἀλλὰ
1142 1491 1221 1543 περὶ
1241 1495 1304 1530 τοῦ

254 1551 291 1585 εὖ
310 1550 370 1595 ζην
393 1548 533 1595 ἁπλῶς,
555 1547 615 1586 καὶ
647 1549 713 1586 ὅσα
731 1550 889 1587 συντελεῖ
912 1565 1000 1602 προς
1027 1549 1267 1600 εὐδαιμονίαν,
1286 1549 1305 1588 ὅ

255 1608 327 1646 ἐστι
346 1607 385 1645 τὸ
403 1606 617 1659 ἀνθρωπινον
637 1607 747 1650 τέλος.
768 1607 853 1646 εὈτι
875 1608 910 1646 δὲ
931 1607 1039 1652 οὕτως
1069 1609 1161 1660 ἔχει,
1185 1610 1301 1655 δῆλον·

254 1666 439 1740 φρονίμους
459 1664 526 1718 γὰρ
548 1665 763 1717 ὀνομάζομεν
792 1665 869 1711 τοὺς
899 1666 983 1718 πρός
1003 1684 1036 1706 τι
1059 1668 1155 1712 τέλος
1175 1663 1303 1720 ἀγαθὸν

252 1724 314 1768 τὰς
343 1726 431 1768 ἰδίας
447 1723 587 1777 πράξεις
610 1725 814 1777 τάττοντας,
830 1725 889 1764 και
906 1727 1023 1770 καλῶς
1037 1726 1303 1778 βουλευομένους

252 1783 331 1832 περὶ
345 1785 471 1831 αὐτων,
484 1784 573 1822 καὶς
556 1801 601 1827 ως
615 1784 656 1822 ἂν
670 1783 710 1822 δι’
724 1787 838 1822 αὐτῶν
850 1786 1022 1832 δυνηθεῖεν
1036 1801 1097 1823 του
1113 1786 1302 1825 σπουδαίου

252 1843 371 1886 τέλους
390 1849 528 1894 τυχεῖν,
544 1845 661 1882 ἐκεῖνα
677 1843 913 1895 πράττοντας,
936 1847 986 1882 ὡν
1001 1845 1062 1882 οὐκ
1082 1843 1156 1883 ἔστι
1179 1844 1300 1897 τεχνη·

252 1900 343 1940 ὥστε
365 1901 424 1939 καὶ
450 1899 579 1946 ὅλως
562 1918 604 1940 αν
624 1902 676 1948 εἴη
710 1902 875 1954 φρόνιμος
908 1905 926 1942 ὁ
957 1902 1192 1955 βουλευτικός·
1216 1904 1301 1943 εἰδὲ

254 1960 492 2012 βουλευτικός,
513 1961 593 2013 περὶ
614 1962 657 2000 τὰ
672 1961 884 2013 ἐνδεχόμενα
906 1963 1015 2000 ἐστιν.

308 2018 352 2041 ⁴¹*
366 2019 490 2063 Οὐδεὶς
502 2020 569 2071 γὰρ
584 2019 785 2072 βουλεύεται
799 2020 959 2073 περὶτῶν
969 2021 1166 2073 ἀναγκαίων
1181 2021 1240 2060 καὶ
1252 2022 1302 2073 μὴ

254 2077 454 2127 δυναμένων
477 2078 590 2121 ἄλλως
611 2077 715 2130 ἔχειν·
741 2077 792 2116 ἔτι
810 2078 859 2125 δέ,
882 2080 958 2118 οὐδὲ
974 2079 1054 2132 περὶ
1071 2082 1139 2119 τῶν
1164 2082 1301 2134 ἐνδεχο-

253 2136 365 2185 μένων
390 2135 452 2184 μὲν
472 2135 632 2187 γενέσθαι
653 2135 741 2181 ὅλως
755 2166 765 2184 ,
786 2138 844 2175 ὑπ’
864 2138 968 2175 αὐτοῦ
992 2139 1027 2176 δὲ
1051 2138 1214 2190 γενέσθαι
1238 2143 1300 2179 οὐκ

251 2194 499 2246 ἐνδεχομένων·
523 2196 649 2244 ὁμοίως
664 2194 730 2247 γὰρ
754 2196 829 2234 οὐδὲ
851 2197 931 2248 περὶ
953 2198 1066 2235 αὐτῶν
1097 2197 1300 2250 βουλεύεταί

251 2271 321 2299 τις,
360 2254 450 2292 ἀλλὰ
472 2254 578 2304 μόνον
598 2254 680 2306 περὶ
712 2257 780 2293 τῶν
812 2256 965 2294 δυνατῶν
998 2258 1055 2294 ὑπ’
1082 2258 1187 2296 αὐτοῦ
1209 2274 1299 2311 πρα·

250 2316 388 2364 χθῆναι·
410 2313 555 2366 φανερὸν
577 2312 619 2360 δὴ
638 2314 677 2351 ἐκ
693 2315 763 2352 τῶν
782 2314 974 2366 εἰρημένων
991 2345 1001 2366 ,
1024 2314 1075 2354 ὅτι
1094 2319 1115 2363 ἠ
1135 2316 1301 2369 φρόνησις

253 2371 339 2408 ἄλλο
358 2372 450 2409 ἐστὶν
476 2373 514 2410 οὗ
538 2370 641 2422 μόνον
662 2372 759 2426 παρὰ
777 2372 840 2419 τὴν
863 2373 1010 2427 τέχνην,
1029 2376 1075 2418 ὡς
1101 2374 1298 2424 δέδεικται,

252 2429 341 2468 ἀλλὰ
365 2430 424 2468 και
450 2430 547 2483 παρὰ
575 2430 639 2478 τὴν
673 2431 888 2482 ἐπιστήμην·
920 2433 975 2471 ὅτι
1006 2435 1028 2480 ἡ
1060 2433 1121 2485 μὲν
1148 2434 1230 2487 περὶ
1255 2436 1300 2475 τὰ

254 2490 429 2538 ἀναγκαῖά
457 2490 567 2538 ἔστιν’,
590 2492 612 2537 ἡ
634 2489 670 2528 δὲ
699 2490 866 2543 φρόνησις
899 2492 978 2544 περὶ
1014 2491 1059 2531 τὰ
1088 2493 1299 2547 ἐνδεχόμενα

253 2545 402 2590 ἄλλως”
383 2562 399 2584 ε
401 2562 490 2599 χειν
1060 2567 1063 2570 ·

305 2606 364 2628 ***
378 2604 483 2646 Ἔστι
493 2606 560 2659 γαρ
577 2607 770 2660 φρόνησιςε
757 2608 822 2654 εξις
835 2608 966 2658 ἀληθὴς
983 2610 1072 2661 μετὰ
1086 2610 1190 2662 λόγου
1210 2622 1297 2665 πρα-

252 2664 354 2711 κτικὴ
373 2664 513 2717 περὶτὰ
534 2666 716 2718 ἀνθρώπου
734 2668 846 2718 ἀγαθὰ
868 2669 927 2708 καὶ
949 2669 1055 2709 κακοί.
1074 2671 1149 2715 Τἧς
1170 2670 1294 2724 τέχνης

253 2724 288 2762 δὲ
310 2723 486 2776 διαφέρει,
511 2725 624 2769 καθὼς
653 2726 813 2778 εἴρηται,
844 2727 898 2766 ὅτι
939 2727 1025 2766 ἄλλο
1058 2728 1198 2781 πρᾶξις,
1232 2731 1291 2769 καὶ

253 2781 339 2820 ἄλλο
358 2782 507 2829 ποίησις·
540 2786 600 2830 τῆς
634 2784 695 2834 μὲν
717 2785 784 2838 γὰρ
817 2785 989 2832 ποιήσεως
1022 2785 1061 2824 τὸ
1090 2786 1187 2831 τέλος
1208 2787 1294 2826 ἄλλο

253 2839 326 2880 ἐστὶ
341 2840 438 2892 παρὰ
452 2840 514 2887 τὴν
536 2842 687 2890 ποίησιν·
707 2844 793 2882 ἄλλο
810 2844 877 2896 γάρ
896 2846 971 2884 ἐστι
988 2845 1214 2895 ναυπηγική,
1237 2847 1295 2886 καὶ

253 2900 366 2951 ἕτερον
386 2900 424 2938 τὸ
441 2900 575 2938 πλοῖον·
597 2904 658 2947 τῆς
680 2902 716 2940 δὲ
745 2904 900 2954 πράξεως
923 2905 962 2943 τὸ
990 2904 1086 2949 τέλος
1112 2907 1173 2944 οὐκ
1203 2906 1295 2945 ἔστιν

253 2959 339 2998 ἄλλο
366 2960 463 3011 παρὰ
484 2959 546 3006 τὴν
578 2960 701 3012 πρᾶξιν
734 2962 799 3000 ἀεί·
827 2964 885 3001 καὶ
909 2964 976 3017 γὰρ
1013 2964 1122 3003 ἐνίοτε
1153 2965 1241 3013 αὕτη
1272 2969 1294 3014 ἡ

253 3017 373 3070 πρᾶξις
394 3017 492 3062 τέλος
512 3018 603 3057 ἐστὶν
621 3021 747 3067 ἑαυτῆς
762 3049 772 3067 ,
805 3020 886 3059 ὅταν
910 3018 946 3059 εῧ
967 3021 1025 3060 καὶ
1046 3025 1161 3067 καλῶς
1182 3024 1294 3075 πράτ-

253 3092 367 3124 τηται·
387 3080 450 3124 τῆς
483 3077 548 3131 γὰρ
579 3079 725 3125 ἱππικῆς
758 3079 853 3123 τέλος
884 3079 923 3118 τὸ
945 3076 983 3118 εὖ
1002 3081 1061 3119 καὶ
1092 3083 1207 3126 καλῶς
1234 3084 1295 3122 ἱπ-

306 3136 316 3150 Ι

252 3151 381 3175 πευειν.

305 3194 413 3236 Ἔστι
432 3196 542 3236 τοίνυν
564 3197 729 3250 φρόνησις
751 3195 816 3241 ἕξις
835 3197 974 3250 περὶτὰ
999 3199 1183 3251 ἀνθρώπου
1205 3201 1293 3252 ἀγα-

250 3255 296 3293 fi&
316 3254 338 3302 ἢ
359 3254 467 3295 κακά.

294 3389 311 3407 *
333 3389 410 3432 Gap.
429 3394 459 3424 5.
480 3376 560 3434 Περὶ
581 3392 615 3423 δὲ
628 3392 810 3435 φρονήσεως
828 3391 929 3429 οὕτως
947 3393 985 3432 ἂν
1008 3392 1161 3434 λάὸοιμεν
1177 3394 1247 3425 κτλ.
1260 3410 1301 3418 —
1315 3394 1353 3414 ⁴¹*
1371 3394 1565 3427 Βουλεύεται
1582 3395 1608 3427 δ’
1627 3394 1731 3430 οὐθεὶς
1743 3395 1816 3436 περὶ
1836 3395 1903 3426 τῶν
1923 3393 2088 3426 ἀδυνάτων
2104 3394 2172 3426 κτλ.
2190 3410 2232 3417 -
2244 3393 2303 3414 ***
2319 3388 2397 3427 Adi·
2445 3391 2448 3393 Α

259 3448 348 3470 πεται
373 3439 434 3481 ἄρα
451 3439 549 3478 αὐτὴν
564 3439 646 3471 εἶναι
667 3439 734 3471 κτλ.

1096 194 1377 236 ANDRONICI
1407 197 1587 237 RHODII

1369 298 1511 330 quorum
1524 298 1624 322 causa
1644 290 1678 322 in
1701 289 1863 325 efficiente
1888 294 1940 326 est
1971 305 1978 325 :
2002 293 2119 328 inertia
2140 298 2254 329 contra
2277 296 2414 331 habitus

1370 357 1445 381 cum
1464 348 1590 382 ratione
1611 348 1694 382 falsa
1709 350 1919 392 conjunctus,
1941 353 2011 384 tum
2030 353 2072 386 ad
2081 353 2287 388 efficiendum
2300 357 2410 398 aptus,
2435 374 2443 383 ·

1370 409 1443 440 tum
1455 407 1489 440 in
1506 416 1544 441 eo
1569 407 1659 450 quod
1681 408 1778 442 aliter
1800 418 1835 442 se
1850 409 1972 443 habere
1984 413 2105 455 potest,
2125 415 2315 457 occupatus.

1803 940 1881 982 Gap.
1915 941 1971 974 vl.

1775 1044 1819 1073 De
1840 1044 2011 1081 prudentia.

1409 1138 1504 1170 Nunc
1527 1137 1569 1170 de
1594 1137 1769 1180 prudentia
1800 1138 1960 1172 dicamus.
1979 1139 2051 1172 Erit
2083 1141 2196 1173 autem
2221 1139 2416 1184 perspicuus

1367 1198 1479 1229 noster
1508 1196 1550 1230 de
1574 1196 1747 1239 prudentia
1779 1199 1960 1236 tractatus,
1990 1198 2018 1230 si
2038 1207 2123 1241 quos
2146 1197 2326 1241 prudentes
2343 1208 2416 1234 esse

1370 1254 1539 1294 dicamus,
1564 1256 1892 1290 consideraverimus.
1914 1257 2064 1291 Prudens
2087 1267 2166 1292 vero
2182 1257 2316 1292 videtur
2330 1251 2413 1299 esse,

1368 1313 1426 1356 qui
1443 1313 1484 1347 de
1501 1314 1543 1346 iis
1564 1323 1640 1357 quae
1657 1314 1742 1347 hona
1766 1315 1830 1357 ipsi
1846 1318 1879 1349 et
1899 1315 1996 1348 utilia
2014 1318 2108 1355 sunt,
2131 1315 2214 1350 bene
2229 1312 2416 1351 consanam

1368 1375 1497 1415 potest,
1514 1382 1579 1406 non
1606 1373 1648 1406 de
1672 1374 1809 1416 singulis
1828 1374 1922 1408 bonis
1939 1375 2085 1417 cogitans
2098 1400 2106 1416 ‚
2129 1375 2222 1409 verbi
2237 1375 2353 1416 musa,
2372 1374 2416 1410 de

1368 1432 1524 1470 sanitate,
1557 1434 1615 1464 aut
1651 1432 1786 1471 robore,
1816 1433 1956 1476 aliisque
1974 1433 2152 1476 eiusmodi,
2181 1435 2240 1468 aut
2275 1443 2353 1478 qnoe
2375 1443 2416 1468 eo

1369 1494 1518 1534 spectant
1543 1505 1551 1525 ι
1571 1492 1628 1525 sed
1649 1493 1782 1525 omnino
1800 1492 1842 1526 de
1863 1493 1932 1526 vita
1955 1493 2038 1526 bene
2055 1493 2196 1536 agenda,
2213 1494 2322 1538 iisque
2334 1503 2415 1540 quae
2473 1490 2478 1497 ¹
2495 1505 2508 1538 ,-

1367 1550 1410 1582 ad
1438 1550 1628 1584 felicitatem
1660 1551 1852 1591 conferunt,
1880 1552 1939 1595 qui
1959 1553 2125 1586 humanus
2152 1555 2203 1586 est
2234 1553 2318 1587 linis.
2345 1555 2416 1588 Hoc

1368 1612 1479 1642 autem
1499 1610 1546 1642 ita
1565 1610 1759 1649 sehabere,
1789 1613 1925 1654 apparet
1950 1625 1958 1644 :
1974 1611 2153 1654 prudentes
2167 1611 2254 1646 enim
2269 1611 2414 1656 appella-

1365 1677 1440 1700 mus
1458 1677 1531 1706 eos,
1564 1667 1622 1710 qui
1651 1669 1693 1701 ad
1716 1669 1813 1702 finem
1845 1670 1989 1712 aliquem
2020 1670 2143 1703 bonum
2167 1669 2313 1704 actiones
2336 1666 2414 1704 suas

1366 1725 1532 1764 referunt,
1553 1729 1709 1770 recteque
1731 1727 1773 1761 de
1793 1728 1834 1761 iis
1856 1728 2039 1762 deliberant
2057 1731 2091 1762 et
2115 1731 2273 1772 tanquam
2299 1737 2413 1763 earum

1363 1795 1426 1828 ope
1444 1786 1619 1819 honestum
1635 1813 1642 1824 ,
1661 1787 1751 1829 quod
1778 1787 1858 1829 ipsis
1874 1788 2080 1830 propositum
2097 1791 2167 1828 est,
2186 1789 2317 1832 assequi
2331 1798 2411 1832 pos-

1365 1844 1450 1883 sint,
1476 1854 1516 1878 ea
1531 1847 1650 1886 agunt,
1675 1845 1707 1877 in
1728 1846 1851 1888 quibus
1864 1855 1919 1879 ars
1940 1847 2049 1880 locum
2065 1857 2132 1880 non
2150 1846 2252 1880 hahet
2269 1859 2278 1881 ε
2298 1856 2414 1891 quam-

1364 1903 1477 1936 obrem
1503 1903 1654 1936 universe
1685 1904 1830 1946 prudens
1857 1903 1977 1944 fuerit,
2007 1904 2066 1947 qui
2094 1905 2137 1938 ad
2158 1904 2411 1939 consultandum
2438 1918 2443 1924 ·

1364 1961 1494 2004 ingenio
1513 1962 1603 1995 valet
1621 1974 1629 1994 ι
1652 1963 1772 2004 quodsi
1793 1963 1835 1996 ad
1862 1963 2115 1996 consultandum
2129 1962 2266 1997 idoneus
2287 1965 2358 2002 est,
2376 1964 2411 1997 in

1365 2021 1629 2063 contingentibus
1647 2031 1780 2064 quoque
1798 2022 1993 2055 versabitur.
2013 2021 2186 2056 consultat
2204 2021 2292 2056 enim
2315 2031 2411 2056 nemo

1364 2080 1406 2114 de
1425 2081 1616 2114 necessariis
1640 2083 1674 2114 et
1693 2090 1770 2124 quae
1789 2080 1884 2114 aliter
1903 2091 1938 2115 se
1962 2080 2085 2115 habere
2099 2091 2171 2135 ‘non
2182 2083 2339 2124 possunt,
2351 2081 2409 2116 sed

1363 2149 1422 2173 nec
1446 2140 1488 2173 de
1514 2140 1556 2173 iis
1579 2149 1655 2184 quae
1677 2141 1810 2174 omnino
1836 2140 1972 2183 quidem
1992 2141 2064 2174 fieri
2092 2143 2250 2184 possunt,
2281 2139 2341 2175 sed
2367 2140 2411 2176 ab

1364 2200 1435 2242 ipso
1453 2199 1539 2233 effici
1555 2203 1725 2243 nequeunt
1743 2213 1752 2233 2
1778 2210 1853 2233 nam
1869 2209 1930 2233 nec
1950 2200 1993 2234 de
2014 2200 2055 2234 iis
2073 2198 2252 2244 quisquam
2276 2200 2411 2244 perinde

1363 2259 1548 2298 consultat,
1580 2259 1639 2293 sed
1668 2259 1710 2292 de
1725 2259 1791 2293 illis
1823 2261 1954 2292 tantum
1977 2268 2054 2303 quae
2075 2260 2117 2292 ab
2136 2260 2206 2302 ipso
2226 2258 2311 2294 effici
2332 2253 2413 2303 pos-¹

1364 2321 1441 2351 sunt
1462 2331 1469 2351 ε
1501 2321 1593 2361 patet
1625 2328 1703 2361 ergo
1721 2328 1762 2352 ex
1797 2319 1838 2352 iis
1859 2328 1936 2361 quae
1967 2318 2055 2352 dicta
2082 2321 2176 2358 sunt,
2199 2318 2410 2362 prudentiam
2422 2327 2427 2334 ’·

1363 2386 1428 2410 non
1457 2377 1564 2410 solum
1605 2377 1697 2411 aliud
1725 2387 1827 2420 quam
1861 2379 1967 2410 artem
1996 2387 2086 2417 esse,
2128 2377 2409 2420 quemadmodum

1363 2437 1588 2476 ostendimus,
1608 2437 1667 2470 sed
1687 2437 1786 2470 etiam
1814 2437 1905 2470 aliud
1921 2446 2023 2480 quam
2044 2437 2213 2470 scientiam
2231 2449 2240 2469 z
2258 2437 2338 2480 quia
2357 2437 2409 2471 al·-

1362 2499 1433 2529 tera
1463 2497 1497 2529 in
1513 2497 1725 2537 necessariis,
1751 2496 1856 2530 altera
1880 2496 1914 2529 in
1940 2496 1982 2529 iis
2001 2505 2077 2539 quae
2105 2496 2202 2530 aliter
2226 2505 2261 2530 se
2288 2495 2409 2531 habere

1361 2557 1517 2598 possunt,
1548 2555 1702 2588 cernitur.

1403 2616 1532 2658 Quippe
1551 2614 1726 2657 prudentia
1748 2615 1799 2647 est
1814 2613 1948 2647 habitus
1970 2622 2070 2647 verus
2089 2623 2167 2647 cum
2190 2614 2316 2648 ratione
2328 2623 2407 2649 con-

1357 2669 1511 2710 Junctus,
1529 2667 1571 2700 ad
1601 2667 1765 2709 agendum
1788 2667 1944 2707 idoneus,
1964 2666 1999 2700 in
2017 2666 2056 2699 iis
2077 2675 2154 2710 quae
2172 2667 2298 2701 homini
2321 2668 2406 2702 bona

1361 2724 1394 2756 et
1411 2721 1498 2755 mala
1514 2723 1591 2754 sunt
1611 2723 1802 2764 occupatus.
1821 2720 1870 2754 Ab
1885 2722 1957 2754 arte
1978 2721 2090 2753 autem
2106 2719 2224 2754 differt
2235 2747 2243 2760 ,
2261 2723 2301 2754 ut
2315 2721 2404 2755 dixi-

1359 2782 1450 2812 mus,
1471 2773 1550 2815 quia
1583 2772 1675 2805 aliud
1703 2772 1808 2813 actio,
1839 2772 1930 2806 aliud
1953 2774 2004 2806 est
2029 2771 2185 2805 effectio:
2217 2772 2404 2806 effectionis

1359 2827 1445 2860 enim
1461 2826 1535 2859 finis
1547 2826 1700 2859 diversus
1713 2829 1763 2859 est
1779 2826 1821 2859 ab
1834 2825 2023 2859 effectione:
2039 2835 2157 2868 nempe
2165 2826 2258 2860 aliud
2270 2828 2404 2862 navium

1359 2879 1620 2912 fabricandarum
1638 2890 1712 2919 ars,
1743 2880 1834 2913 aliud
1861 2880 2028 2922 navigium
2048 2881 2098 2913 est
2123 2893 2133 2913 ε
2161 2880 2299 2914 actionis
2325 2889 2404 2914 vero

1360 2932 1432 2966 finis
1450 2943 1511 2966 non
1536 2943 1664 2976 semper
1685 2933 1838 2967 diversus
1865 2934 1907 2966 ab
1928 2933 2056 2966 actione
2080 2935 2154 2967 est:
2173 2933 2294 2966 etenim
2317 2943 2403 2968 non·

1357 2996 1527 3030 nunquam
1558 2988 1631 3030 ipsa
1660 2988 1764 3028 actio,
1795 2986 1928 3030 quando
1950 2995 2004 3019 res
2037 2987 2119 3020 bene
2136 2987 2271 3029 geritur,
2299 2990 2403 3025 semet
2462 3021 2484 3027 ,Α

1357 3041 1462 3083 ipsam
1487 3040 1588 3073 habet
1612 3041 1731 3073 finem:
1754 3049 1830 3072 nam
1858 3039 2027 3081 equitandi
2053 3039 2134 3072 artis
2154 3039 2228 3077 finis
2252 3041 2303 3073 est
2320 3039 2403 3074 bene

1358 3095 1390 3127 et
1417 3094 1504 3126 scite·
1529 3094 1689 3137 equitare.
1714 3095 1774 3127 Est
1799 3092 1900 3135 igitur
1925 3092 2102 3135 prudentia
2128 3093 2264 3126 habitus
2300 3093 2334 3126 in
2360 3092 2402 3126 iis

1358 3155 1434 3189 quae
1456 3146 1577 3179 homini
1592 3147 1678 3179 bona
1693 3147 1726 3179 et
1739 3145 1826 3178 mala
1843 3146 1920 3178 sunt
1939 3147 2129 3187 occupatus.

1398 3205 1560 3244 Quocirca
1590 3204 1750 3238 Periclem
1778 3204 1877 3237 etiam
1901 3205 2105 3246 caeterosque
2131 3204 2290 3247 ejusmodi
2312 3204 2401 3238 viros

1357 3263 1537 3305 prudentes
1555 3273 1627 3297 esse
1643 3263 1853 3301 arbitramur,
1869 3262 1948 3304 quia
1972 3272 2048 3305 quae
2064 3263 2126 3296 sibi
2144 3265 2179 3296 et
2191 3263 2328 3306 reliquis
2343 3254 2400 3296 lio-
