2508 3776
272 181 352 220 366

270 269 360 318 ἔχειν
381 265 423 303 τὰ
445 263 536 302 ὅπλα
550 294 560 314 ,
593 264 696 301 ὁποῖα
724 262 766 301 ἂν
785 261 920 315 γένοιτο
939 263 1120 312 ἐπιτήδεια
1138 267 1197 305 καὶ
1217 267 1300 320 πρὸς

268 325 308 362 τὸ
328 323 480 368 πατάξαι
510 325 588 366 τοὺς
608 320 836 370 ἀντιπάλους,
857 322 917 361 καὶ
937 323 1022 376 πρὸς
1040 323 1080 363 τὸ
1101 325 1209 374 μηδὲν
1225 342 1297 365 πα-

267 386 335 420 θεῖν
357 381 498 420 δεινὸνε
485 383 544 419 υπ’
573 380 723 419 ἐκείνων·
747 381 922 433 μάχονται
940 386 1023 435 γοῦν
1042 382 1160 437 ὥσπερ
1191 387 1298 423 ὡπλι-

266 440 387 490 σμένοι
407 437 583 482 ἀνόπλοις.
608 438 680 478 Καὶ
700 440 734 477 ἐν
753 445 825 484 τοῖς
844 441 1008 484 τοιούτοις
1031 443 1162 494 ἀγῶσιν
1187 459 1252 496 ουχ
1270 445 1300 481 οἱ

263 496 499 574 ἀνδρειότατοι
534 495 781 549 μαχιμώτατοί
821 501 927 548 εἰσιν,
963 499 1042 537 ἀλλ’
1069 501 1100 538 οἱ
1146 502 1299 551 μάλιστα

263 560 462 610 ἰσχύοντες,
488 555 548 596 καὶ
567 558 610 597 τὰ
632 557 783 608 σώματα
814 558 941 611 ἄριστα
973 557 1135 611 ἔχοντες,
1158 561 1219 599 καὶ
1236 561 1299 608 τὴν

262 615 446 668 ἐμπειρίαν
482 615 629 667 ἄριστοι·
669 616 775 655 δειλοὶ
808 618 843 655 δὲ
879 616 1033 669 γίνονται
1068 619 1099 656 οἱ
1132 622 1300 668 τοιοῦτοι,

260 672 344 712 ὅταν
366 673 571 726 ὓπερὸάλλῃ
591 677 609 712 ὁ
636 674 788 719 κίνδυνος
816 674 876 714 καὶ
906 674 1097 715 λείπωνται
1115 676 1186 720 τοῖς
1206 677 1299 724 πλή-

264 743 335 775 (εσι
362 732 423 771 καὶ
443 735 519 777 ταῖς
547 739 799 786 παρασκευαῖς·
835 735 969 787 πρῶτοι
996 735 1064 788 γὰρ
1090 736 1121 774 οἳ
1143 727 1300 790 ἔμπειροι

259 791 456 844 φεύγουσιν.
482 794 529 833 Oi
551 792 587 830 δὲ
609 793 846 848 ἀνδριζόμενοι
875 794 966 833 κατὰ
982 795 1025 834 τὰ
1046 795 1209 834 πολιτικὰ
1231 795 1297 846 μέ-

258 865 374 894 νοντες
416 851 703 898 ἀποθνήσκουσιν·
742 853 828 906 ὅπερ
867 852 956 892 κάπὶ
974 851 985 875 ¹
1011 856 1060 906 τῷ
1098 853 1260 908 Ἑρμαίῳ
1276 861 1292 882 ²

258 909 400 957 συνέὸη.
423 911 470 950 Οἱ
491 909 552 961 μὲν
573 910 641 964 γὰρ
657 912 963 964 παραταττόμενοι
984 916 1197 965 στρατιῶται
1218 913 1297 967 ἔφυ-

256 983 336 1018 γον,
354 968 553 1019 αἰσθόμενοι
574 973 633 1008 τοῦ
653 970 812 1009 κινδύνου
849 971 1012 1022 μείζονος·
1039 973 1070 1011 οἱ
1101 971 1136 1010 δὲ
1158 973 1295 1012 πολῖται

258 1026 436 1076 μείναντες
462 1027 643 1066 ἀπέθανον·
666 1029 772 1082 ὁγὰρ
801 1030 944 1075 θάνατος
974 1032 1086 1074 αὐτοῖς
1114 1031 1296 1084 αἱρετώτε-

257 1101 312 1138 ρος
330 1086 440 1125 ἐδόκει
458 1103 518 1134 της
538 1087 712 1140 σωτηρίας
731 1088 871 1137 ταύτης·
894 1092 925 1128 οἱ
946 1089 982 1129 δὲ
1001 1106 1212 1143 στρατιωται
1233 1093 1297 1138 ἠν·-

257 1144 412 1197 δρίζοντο
444 1146 526 1196 μέν,
559 1146 710 1197 οἰόμενοι
744 1147 922 1200 κρείττους
949 1142 1036 1187 εἶναι
1067 1165 1128 1188 και
1159 1148 1298 1194 πλείους

255 1219 325 1241 των
356 1204 569 1267 ἀντιπάλων·
605 1206 679 1243 ἐπεὶ
702 1206 738 1245 δὲ
759 1206 875 1260 ἑώρων
909 1208 1087 1252 ἐλάττονες
1119 1207 1215 1251 ὄντες
1236 1206 1298 1246 καὶ

256 1261 443 1314 χείρονες,
462 1262 608 1315 ἔφυγον,
639 1280 698 1302 τον
728 1265 875 1304 θάνατον
903 1268 1035 1317 μᾶλλον
1068 1265 1296 1319 φοὸηθέντες,

254 1320 277 1367 ἢ
297 1322 336 1360 τὸ
353 1321 514 1374 αἰσχρόν.
532 1321 576 1361 Ὁ
599 1321 635 1360 δὲ
658 1323 813 1375 ἀνδρεῖος
832 1325 869 1363 οὗ
889 1329 1056 1368 τοιοῦτος.

307 1379 327 1400 *
347 1379 500 1431 Λέγεται
520 1379 556 1417 δὲ
579 1380 719 1433 ἀνδρεία
749 1382 810 1421 καὶ
830 1385 848 1421 ὁ
874 1383 978 1432 θυμὸς
1005 1382 1103 1434 παρά
1123 1395 1203 1420 τισι·
1235 1381 1295 1421 καὶ

255 1437 405 1490 ἀνδρεῖοι
419 1439 629 1487 καλοῦνται,
650 1439 808 1493 καθάπερ
823 1440 868 1479 τὰ
888 1441 991 1493 θηρία
1004 1470 1014 1488 ,
1035 1441 1092 1479 ἐπὶ
1111 1439 1189 1485 τοὺς
1208 1439 1296 1493 τρώ-

255 1511 383 1540 σαντας
404 1495 606 1548 ’φερόμενον
639 1497 692 1536 ὅτι
713 1498 774 1536 καὶ
804 1500 835 1537 οἳ
857 1500 1007 1553 ἀνδρεῖοι
1029 1500 1231 1550 θυμοειδεῖς.
1252 1499 1298 1539 Ὁ

252 1555 320 1608 γὰρ
353 1555 457 1606 θυμὸς
477 1555 666 1608 ὁρμητικόν
696 1557 772 1596 ἐστι
797 1559 883 1611 πρὸς
902 1557 980 1603 τοὺς
1012 1558 1203 1602 κινδύνους·
1222 1557 1296 1597 ὅθεν

251 1613 312 1668 κᾳὶ
332 1612 497 1666 Ὅμηρός
516 1628 614 1668 φησι·

439 1671 554 1716 σθένος
571 1672 702 1724 ἔμὸαλε
724 1676 834 1728 θυμῷ·
852 1675 869 1699 ¹¹

252 1731 312 1770 καὶ

442 1788 543 1840 μένος
559 1791 620 1829 καὶ
644 1791 750 1842 θυμὸν
777 1790 924 1845 ἔγειρε·ἰ

302 1864 312 1886 ι

252 1865 298 1889 κα
440 1905 545 1958 δριμὺ
565 1907 595 1944 δ’
612 1907 678 1946 ἀνὰ
702 1910 795 1961 ῥῖνας
817 1907 930 1959 μένος·
949 1908 969 1931 ¹⁸

253 1966 313 2004 καὶ

439 2024 554 2069 ἔζεσεν
576 2018 678 2072 αἷμα·
699 2024 709 2048 ¹

254 2084 372 2122 πάντα
392 2083 461 2136 γὰρ
481 2084 524 2122 τὰ
540 2087 685 2122 τοιαῦτα
707 2083 796 2122 ἔοικε
818 2082 1000 2134 σημαίνειν
1017 2083 1080 2131 τὴν
1100 2087 1161 2122 τοῧ
1183 2087 1294 2134 θυμοῦ

255 2143 389 2195 ἔγερσιν
418 2142 478 2181 καὶ
502 2141 629 2194 ὁρμήν.
652 2142 698 2182 Ὁ
719 2141 782 2192 μὲν
802 2138 859 2180 οὖν
887 2143 1040 2194 ἀνδρεῖος
1061 2145 1170 2182 καλοῦ
1201 2159 1296 2187 τινος

253 2202 355 2240 ἕνεκα
372 2202 487 2241 πάντα
507 2203 602 2240 ποιεῖ
613 2231 624 2250 ,
645 2200 766 2252 ἄγεται
782 2201 817 2240 δὲ
834 2201 903 2240 ὑπὸ
921 2206 980 2240 τοῦ
997 2205 1109 2252 θυμοῦ
1123 2201 1295 2252 οὖδαμῶς,

254 2260 344 2300 ἀλλὰ
373 2263 504 2313 χρῆται
522 2259 635 2312 τούτῳ
659 2262 812 2313 συνεργῷ
832 2258 993 2312 καθάπερ
1013 2260 1163 2313 ὀργάνῳ.
1193 2262 1240 2301 Οἱ
1261 2261 1294 2299 δὲ

251 2317 430 2370 λεγόμενοι
451 2319 600 2371 ἀνδρεῖοι
618 2319 674 2357 διὰ
693 2319 757 2365 τὴν
778 2317 889 2370 ὁρμὴν
911 2322 969 2356 τοῦ
991 2322 1100 2369 θυμοῦ
1123 2320 1160 2358 οὗ
1180 2319 1237 2358 διὰ
1257 2319 1296 2358 τὸ

252 2379 358 2416 καλὸν
374 2377 588 2430 πράττουσιν
601 2408 611 2426 ,
635 2376 724 2415 ἀλλὰ
752 2375 812 2415 διὰ
829 2376 955 2424 λύπην·
974 2377 1093 2429 ὥσπερ
1116 2377 1160 2416 τὰ
1191 2380 1294 2433 θηρία

253 2435 310 2472 διὰ
328 2435 369 2474 τὸ
385 2436 584 2487 πληγῆναι,
608 2435 630 2482 ἢ
648 2435 703 2474 διὰ
722 2435 762 2474 τὸ
778 2435 984 2489 φοὸεῖσθαι,
1005 2438 1043 2474 οὗ
1061 2436 1227 2490 χρώμενα
1246 2441 1295 2491 τῷ

253 2497 352 2546 θυμῷ
372 2495 449 2532 ἀλλ’
468 2494 530 2531 ὕπ’
550 2495 656 2533 αὖτου
676 2496 809 2544 μᾶλλον
843 2493 1010 2546 ἀγόμενα·
1043 2495 1147 2535 οιτινε
1150 2512 1182 2545 ς,
1215 2498 1295 2549 πρὶν

252 2552 465 2603 πληγηναι
446 2570 467 2599 η
489 2553 699 2606 φοὸηθῆναι,
716 2553 878 2604 οὐδεμίαν
900 2554 1153 2594 ἐπιδείκνυνται
1171 2557 1295 2608 ὁρμήν·

253 2609 330 2648 ἐπεὶ
350 2610 409 2648 καὶ
428 2609 472 2648 τὰ
493 2611 616 2662 θηρία,
633 2612 693 2650 ἐὰν
712 2613 748 2650 ἐν
768 2611 865 2663 ὕλῃ’
848 2628 869 2664 ῃ
886 2610 942 2658 ἢ’
927 2627 962 2649 εν
978 2611 1069 2660 ἕλει,
1090 2615 1128 2651 οὐ
1147 2615 1295 2667 προσέρ-

252 2683 401 2722 χονται,
424 2683 460 2706 ου
445 2668 498 2706 ’δὲ
517 2671 685 2719 ὁρμῶσιν.
709 2669 819 2709 Οὖκὲ
802 2685 875 2708 εστι
894 2669 1007 2709 τοίνυν
1028 2672 1194 2723 ἀνδρεῖος,
1215 2675 1233 2711 ὁ
1251 2673 1296 2710 δι’

253 2726 429 2778 ἀλγηδόνα
443 2756 453 2775 ,
473 2727 495 2774 ἢ
517 2731 627 2773 θυμου
644 2732 840 2779 κινοῦντος,
863 2729 885 2777 ἢ
905 2729 1013 2768 ἄλλου
1039 2730 1129 2774 τινὸς
1149 2730 1292 2778 πάθους,

252 2789 337 2839 πρὸς
355 2786 412 2824 τὸν
428 2785 584 2825 κίνδυνον
601 2789 740 2839 ὁρμῶν,
757 2789 818 2826 καὶ
839 2788 947 2838 μηδὲν
968 2792 1035 2827 τῶν
1055 2790 1174 2828 δεινῶν
1192 2805 1297 2843 προο-

255 2845 419 2898 ρώμενος·
439 2844 513 2883 ἐπεὶ
533 2844 623 2884 οὕτω
641 2861 680 2896 γε
698 2844 762 2884 κᾶν
776 2852 799 2869 ¹¹¹
824 2848 854 2885 οἵ
875 2846 945 2885 ὄνοι
965 2848 1115 2900 ἀνδρεῖοι
1134 2850 1296 2888 καλοῖντο

253 2903 411 2953 δικαίως,
424 2907 619 2947 πεινῶντες·
638 2903 844 2954 τυπτόμενοι
858 2905 923 2957 γὰρ
938 2907 1000 2944 οὐκ
1014 2905 1222 2958 ἀφίστανται
1237 2910 1296 2954 τῆς

253 2965 375 3012 νομῆς·
389 2962 449 3000 καὶ
459 2963 490 2999 οἳ
505 2962 622 3014 μοιχοὶ
633 2962 668 3000 δὲ
678 2963 734 3001 διὰ
746 2963 807 3010 τὴν
816 2965 1000 3014 ἐπιθυμίαν
1009 2965 1169 3017 τολμηρὰ
1180 2965 1294 3005 πολλὰ

255 3023 397 3074 δρῶσιν·
417 3020 493 3059 ἀλλ’
515 3021 576 3059 οὒκ
604 3021 690 3059 εἰσὶν
706 3027 724 3044 ¹²
754 3023 920 3074 ἀνδρεῖοι,
950 3024 1028 3061 οὔτε
1057 3025 1088 3061 οἱ
1107 3023 1192 3074 ὄνοι,
1217 3024 1295 3063 οὔτε

256 3080 443 3133 ἄνθρωποι,
458 3081 489 3118 οἱ
511 3080 553 3117 δι’
571 3078 792 3130 ἀλγηδόνος
774 3097 796 3126 η
813 3085 920 3130 θυμου
931 3110 941 3128 ,
958 3082 980 3128 ἢ
995 3083 1101 3134 ἄλλου
1113 3099 1202 3127 τινος
1221 3084 1293 3121 πά-

256 3144 334 3182 θους
349 3137 610 3188 ἐξελαυνόμενοι
637 3137 721 3190 πρὸς
740 3153 798 3175 τον
821 3139 987 3179 κίνδυνον.
1015 3140 1062 3179 ‘H
1082 3141 1118 3179 δὲ
1139 3157 1295 3195 φυσικω-

255 3197 345 3244 τάτη
366 3194 430 3236 καῖ
455 3199 477 3252 ἡ
503 3196 630 3249 κυρίως
651 3198 791 3250 ἀνδρεία
812 3198 926 3246 ἐκείνη
944 3199 1058 3251 ἐστίν,
1079 3200 1161 3249 ὅταν
1179 3200 1293 3240 κινώ-

259 3260 347 3306 μεθα
369 3254 431 3307 μὲν
451 3254 509 3294 διὰ
529 3259 591 3294 τοῦ
616 3258 745 3306 θυμου,
776 3255 866 3307 μετὰ
896 3259 1131 3309 προαιρέσεως
1159 3259 1213 3309 δέ,
1232 3275 1293 3298 και

258 3313 359 3353 ἕνεκα
378 3317 438 3352 τοῦ
455 3316 600 3365 ἀγαθου.
634 3316 678 3354 Οι
700 3314 736 3353 δὲ
756 3315 812 3353 διὰ
831 3315 878 3355 τὰ
898 3317 1136 3369 προειρημένα
1155 3318 1290 3370 ὀργιζό-

1091 177 1373 221 ANDRONICI
1401 181 1579 224 RHODII

1361 273 1518 307 damnum
1536 274 1624 308 hosti
1643 274 1850 310 inferendum
1867 278 1901 310 et
1921 286 1941 311 a
1962 287 1998 312 se
2016 277 2274 322 propulsandnm
2286 272 2429 322 muts-3⁹2

1361 337 1414 360 me
1431 329 1543 362 valent
1559 341 1566 361 :
1583 329 1798 370 quamobrem
1810 331 1849 362 ut
1862 331 1979 364 armati
1995 341 2070 365 cum
2089 333 2270 366 inermibus
2281 332 2400 369 deen-
2412 343 2414 349 ·
2425 346 2435 368 s

1362 386 1444 417 iant.
1475 386 1599 425 Nempe
1629 384 1664 416 in
1688 384 1812 418 talibus
1840 387 2074 421 certaminibus
2102 398 2167 422 non
2194 376 2400 424 fortissimi

1361 438 1501 480 quisque
1517 438 1778 480 pugnacissimus
1801 431 1856 473 'est
1872 465 1880 481 ,
1911 441 1970 474 sed
1987 441 2045 484 qui
2068 443 2247 485 plurimum
2273 443 2399 478 viribus

1360 492 1449 525 valet
1465 501 1665 535 corporeque
1683 495 1734 527 est
1759 495 2031 536 praestantissimo
2058 498 2092 529 et
2115 506 2270 539 magnum
2295 506 2397 531 nsum
2452 535 2454 543 ζ

1361 548 1487 581 habet:
1506 559 1622 582 verum
1640 551 1829 594 hujusmodi
1845 552 1966 585 milites
1977 553 2071 585 tum
2062 553 2170 594 ignavi
2183 552 2279 595 finnt,
2290 561 2400 596 quun

1361 606 1394 637 et
1415 605 1596 647 periculum
1620 608 1729 650 majus
1743 609 1810 647 est,
1831 617 1931 650 quam
1959 617 2027 650 quo
2052 607 2188 650 defungi
2210 607 2356 652 possin.
2355 608 2401 652 92

1360 659 1462 701 copiis
1479 662 1579 703 atque
1593 663 1752 704 apparatu
1768 663 1846 696 sunt
1863 661 2057 695 inferiores·
2075 661 2240 705 siquidem
2259 670 2398 710 nsum-

1359 715 1415 748 riti
1428 725 1468 758 pr
1468 716 1524 750 imi
1539 719 1630 761 terga
1642 720 1788 751 vertunt.

1359 771 1411 804 ter
1441 774 1586 815 pugnant
1613 773 1717 806 solent
1745 773 1779 805 in
1810 782 1919 816 pugna
1948 773 1991 806 ad
2011 773 2153 806 mortem
2183 781 2291 816 usque
2320 756 2400 824 pep-

1359 826 1499 860 sistere:
1523 827 1559 860 id
1578 827 1668 869 quod
1685 827 1786 860 etiam
1802 828 1837 860 in
1857 829 2009 860 Hermaeo
2031 827 2177 870 contigit.
2200 828 2285 862 Nam
2305 821 2396 869 mili·-

1358 880 1410 912 tes
1443 890 1529 923 quos
1557 881 1592 914 in
1617 882 1685 915 acie
1714 882 1931 915 collocaverat
1967 881 2054 922 dux,
2086 890 2192 924 quum
2212 879 2398 930 pericnlum

1358 933 1507 975 opinione
1526 935 1634 975 majus
1662 935 1838 974 sentirent,
1874 934 1988 977 fugam
2012 936 2279 978 capessiverunt3
2307 935 2400 979 cives

1358 997 1437 1021 vero
1459 988 1502 1022 ad
1525 991 1666 1022 mortem
1694 999 1800 1032 usque
1826 990 2082 1031 perstiterunt.
2103 989 2212 1032 potior
2227 988 2315 1023 enim
2337 987 2399 1023 tall

1357 1043 1465 1076 salute
1487 1044 1554 1077 illis
1567 1053 1657 1078 mors
1675 1044 1854 1078 videbatur
1871 1058 1879 1078 ε
1902 1047 2016 1078 contra
2030 1045 2152 1079 milites
2174 1043 2386 1086 mercenarii,

1359 1099 1517 1140 quamdiu
1531 1110 1566 1133 se
1583 1100 1767 1143 superiores
1780 1110 1851 1134 esse
1862 1103 1920 1134 aut
1933 1101 2046 1143 plures
2058 1100 2210 1136 hostibus
2218 1100 2394 1144 putabant,

1357 1165 1426 1189 rem
1445 1155 1527 1188 bene
1548 1156 1727 1198 gerebant:
1752 1158 1931 1198 postquam
1951 1158 2066 1189 autem
2082 1164 2118 1189 se
2134 1155 2307 1198 pauciores
2319 1163 2393 1188 cuc

1358 1211 1390 1242 et
1408 1209 1578 1243 inferiores
1599 1210 1765 1250 viderunt,
1783 1210 1818 1242 in
1841 1209 1954 1252 fugam
1975 1219 2011 1243 se
2035 1210 2257 1252 conjecerunt,
2277 1211 2319 1243 ut
2338 1209 2399 1256 qui

1357 1264 1498 1295 mortem
1518 1262 1623 1304 magle
1642 1271 1744 1304 quam
1770 1261 1915 1295 dedecus
1935 1261 2104 1295 timerent.
2125 1261 2217 1295 'ralis
2233 1269 2316 1298 vero
2332 1267 2399 1298 non

1358 1315 1408 1347 est
1422 1313 1529 1347 fortis.

1399 1373 1465 1406 Sed
1483 1375 1518 1406 et
1533 1372 1583 1406 ira
1597 1372 1686 1415 apud
1711 1372 1886 1405 nonnullos
1912 1371 2036 1406 dicitur
2059 1371 2248 1407 fortitudo:
2281 1372 2316 1407 et
2337 1351 2398 1416 qui
2460 1413 2462 1415 ,
2486 1358 2500 1377 ’Ξ

1358 1435 1518 1476 tanquam
1545 1432 1692 1466 belluae
1682 1442 1718 1465 ιιι
1738 1441 1795 1466 eos
1813 1441 1833 1465 a
1846 1432 1969 1474 quibus
1992 1431 2159 1466 vulnerati
2178 1432 2257 1466 sunt
2284 1429 2398 1469 ferun·

1356 1493 1424 1531 tur,
1443 1501 1498 1526 eos
1514 1491 1617 1525 fortes
1639 1493 1777 1531 vocant,
1809 1491 1889 1534 qula
1915 1490 2020 1525 fortes
2043 1491 2145 1526 etiam
2167 1490 2280 1534 aliquo
2298 1489 2399 1530 modo

1358 1553 1435 1584 sunt
1456 1550 1615 1585 iracundi.
1630 1550 1759 1592 Qqupe
1773 1550 1822 1583 ira
1836 1550 1994 1593 periculis
2012 1559 2048 1584 se
2064 1549 2270 1613 committere
2282 1547 2397 1583 'soleta

1357 1611 1445 1644 undc
1463 1613 1496 1644 et
1514 1612 1678 1643 Homerus
1693 1611 1763 1643 ait·

1566 1669 1702 1712 vimque
1715 1668 1866 1702 addidit
1855 1677 1942 1702 πω·
1935 1693 1944 1701 .

1358 1731 1392 1762 et

1564 1786 1651 1818 vires
1668 1784 1821 1827 iramque
1835 1784 1943 1817 ciebat
1957 1794 1965 1816 :

1357 1846 1391 1877 et

1562 1901 1675 1942 ingens
1695 1901 1769 1932 tum
1788 1908 1885 1932 nares
1900 1898 2004 1932 subiit
2020 1899 2113 1941 vigor
2131 1911 2141 1932 z

1358 1963 1391 1995 et

1565 2018 1623 2052 sed
1636 2019 1770 2061 sanguis
1788 2017 1915 2051 ferbuit
1934 2018 2046 2051 intus:

1397 2080 1478 2111 Haec
1491 2077 1578 2111 enim
1596 2077 1706 2110 omnia
1716 2076 1818 2111 animi
1835 2077 2089 2110 concitationem
2109 2076 2212 2118 atque
2239 2075 2406 2120 impetunt

1357 2136 1538 2179 significare
1566 2136 1735 2169 videntur.
1767 2135 1829 2168 Vir
1855 2133 1953 2168 fortis
1973 2133 2077 2176 igitur
2099 2132 2233 2167 honesti
2257 2133 2399 2176 alicujus
2462 2150 2464 2153 ·
2488 2110 2508 2142 ’,ε’

1357 2200 1456 2224 causa
1472 2200 1526 2225 res
1537 2200 1650 2224 omnes
1664 2190 1759 2232 gerit,
1779 2198 1889 2232 neque
1909 2189 1979 2222 ullo
1992 2188 2091 2221 modo
2102 2187 2154 2222 ira
2170 2183 2330 2228 afficitur.
2342 2188 2400 2222 sed

1356 2248 1428 2290 ejus
1452 2247 1576 2280 auxilio
1597 2249 1758 2289 tanquam
1773 2245 1995 2278 instrumento
2008 2245 2127 2279 utitur.
2145 2245 2268 2279 Contra
2277 2244 2330 2279 illi
2340 2243 2417 2287 ‚quis
2499 2221 2508 2236 ⁴

1355 2302 1398 2336 ob
1410 2301 1513 2336 animi
1530 2301 1686 2337 ‚concitati
1701 2301 1865 2343 impetum
1888 2298 1992 2332 fortes
2013 2299 2232 2342 appellantur,
2249 2308 2318 2335 non
2331 2299 2404 2342 ho-‚
2429 2322 2433 2325 «
2500 2306 2508 2319 ··

1356 2357 1442 2391 nesti
1457 2367 1575 2397 causa,
1606 2357 1665 2391 sed
1680 2357 1792 2390 dolore
1809 2355 1915 2398 pressi
1935 2355 2045 2388 omnia
2071 2356 2196 2396 agunt:
2218 2355 2288 2388 ritu
2308 2353 2399 2391 fera-

1355 2422 1451 2453 rum,
1471 2421 1547 2456 quae
1570 2412 1649 2455 quia
1659 2413 1736 2445 sunt
1751 2410 1931 2454 'percussas
1948 2409 1991 2443 ab
2009 2409 2121 2453 auquo
2145 2411 2206 2443 aut
2230 2411 2397 2453 metuunt.

1355 2468 1405 2501 ira
1420 2477 1485 2500 non
1497 2468 1658 2506 utuntur,
1675 2466 1733 2500 sed
1745 2466 1817 2508 ejus
1828 2467 1914 2499 aestu
1928 2464 2040 2507 potius
2055 2463 2264 2506 abripiuntur
2277 2464 2401 2517 :siqni-

1356 2525 1432 2558 dem
1453 2523 1490 2558 hi
1512 2522 1662 2557 homines
1673 2548 1681 2563 ‚
1698 2524 1876 2565 antequam
1903 2521 1946 2554 ab
1960 2520 2072 2563 aliquo
2091 2520 2322 2562 percutiantur
2340 2522 2400 2554 ant

1355 2581 1516 2618 metuant,
1544 2580 1675 2612 nullum
1698 2577 1854 2611 concitati
1880 2575 1982 2610 animi
2007 2576 2169 2619 impetum
2197 2568 2418 2617 ostendunt,''

1355 2645 1459 2679 quum
1474 2635 1574 2669 etiam
1587 2633 1727 2672 belluae,
1745 2632 1773 2666 si
1788 2632 1824 2665 in
1841 2632 1926 2665 silva
1937 2631 2003 2665 sint
2012 2633 2070 2664 aut
2083 2629 2216 2673 palude,
2231 2631 2410 2664 neminem·

1355 2696 1462 2730 neque
1484 2686 1717 2729 aggrediantur
1739 2692 1849 2726 neque
1871 2682 2042 2716 invadant.
2077 2681 2238 2720 Quocirca
2262 2690 2329 2715 non
2347 2682 2399 2715 est

1355 2739 1451 2773 fortis
1480 2738 1715 2776 nominandus,
1743 2736 1803 2779 qui
1830 2735 1942 2769 dolore
1973 2736 2032 2768 aut
2057 2734 2106 2767 ira
2133 2733 2308 2775 incitatus,
2339 2735 2399 2767 aut

1355 2792 1420 2826 alio
1438 2791 1583 2834 quodam
1603 2789 1789 2833 perturbati
1811 2787 1912 2821 animi
1926 2787 2053 2829 impetu
2073 2787 2202 2820 tractus
2214 2786 2400 2829 perieulum

1355 2845 1438 2886 adst,
1459 2853 1568 2887 neque
1585 2844 1766 2886 quidquam
1789 2850 1904 2875 eorum
1920 2849 1998 2883 quae
2029 2839 2142 2881 gravia
2158 2841 2192 2872 et
2214 2839 2398 2882 periculosa

1355 2898 1433 2930 sunt
1459 2895 1613 2939 providet
1636 2905 1645 2927 ι
1675 2903 1753 2927 nam
1781 2893 1848 2926 isto
1866 2891 2002 2935 quidem
2032 2890 2131 2923 modo
2156 2891 2258 2924 etiam
2285 2890 2397 2935 asinos

1354 2949 1473 2982 merito
1493 2948 1595 2982 fortes
1611 2947 1720 2980 dicere
1735 2945 1863 2984 licebit,
1881 2953 1987 2986 quum
2001 2943 2169 2982 esuriunt,
2188 2942 2345 2986 quoniam
2355 2952 2398 2976 ne

1354 3000 1549 3034 verberibus
1559 2998 1696 3041 quidem
1709 3007 1727 3030 a
1736 2999 1835 3040 pastu
1849 2995 2081 3029 dimoventur·
2097 2994 2179 3037 quin
2191 2994 2293 3027 etiam
2305 2985 2399 3028 adul-

1355 3053 1418 3087 teri
1429 3052 1609 3095 cupiditate
1625 3048 1816 3084 inflammati
1823 3047 1931 3081 multa
1946 3046 2104 3080 audacter
2115 3046 2268 3080 faciunt·
2260 3055 2397 3080 weram

1354 3115 1461 3148 neque
1484 3104 1568 3138 asini
1592 3103 1695 3137 fortes
1711 3104 1809 3142 sunt,
1834 3109 1941 3143 neque
1960 3099 2120 3140 homines,
2134 3108 2220 3142 quos
2235 3098 2290 3133 vel
2303 3089 2416 3132 dolor

1354 3167 1377 3191 ι
1378 3159 1408 3191 el
1426 3157 1475 3190 ira
1485 3156 1541 3190 vel
1550 3155 1635 3190 alius
1650 3155 1793 3197 denique
1808 3151 1948 3186 affectus
1969 3151 2012 3185 ad
2022 3151 2207 3193 periculum
2218 3149 2317 3193 rapit.
2329 3152 2415 3184 Na-

1355 3213 1472 3246 turalis
1487 3213 1599 3245 autem
1614 3211 1822 3252 maximeque
1840 3207 1972 3250 propria
1988 3206 2150 3239 fortitudo
2160 3207 2211 3239 est
2225 3205 2301 3245 illa,
2314 3214 2396 3248 quo-

1353 3269 1417 3302 ties
1443 3268 1493 3301 ira
1512 3267 1649 3310 quidem
1674 3265 1896 3303 incendimur,
1923 3263 1981 3296 sed
2001 3265 2098 3305 capto
2119 3260 2254 3295 consilio
2271 3262 2306 3295 et
2320 3260 2398 3295 bon.

1358 3333 1467 3356 causa.
1502 3323 1544 3354 At
1558 3322 1616 3364 qni
1632 3321 1696 3354 ista
1714 3329 1790 3363 quae
1802 3317 2058 3353 memoravimus
2076 3316 2323 3350 stomachantur
2333 3323 2398 3348 non

299 3426 317 3445 *
336 3427 400 3460 Καὶ
420 3427 475 3459 τὸν
492 3427 591 3468 θυμὸν
610 3427 662 3459 ἐπὶ
680 3428 737 3466 τήν
755 3427 904 3470 ἀνδρείαν
922 3427 1126 3471 ἐπιφέρουσιν
1154 3443 1158 3447 ·
1175 3433 1195 3466 3'1

1847 719 1889 751 At
1907 718 1966 760 qui
1981 717 2016 751 in
2034 717 2125 751 civili
2139 717 2288 752 exercitu
2298 717 2399 770 forti-
2467 715 2472 724 “
