2528 3788
263 327 389 364 Anim.
409 326 474 365 fol.
497 339 551 373 71>
566 326 609 364 B.
629 324 776 376 Scripsi
797 333 921 364 autem
940 325 1109 372 ἐπιζητῶν
1129 339 1203 378 pro
1224 340 1294 365 co-

261 386 390 425 dicum
407 385 570 423 lectione
587 384 773 430 ἐπιζητεῖν.
790 384 804 436 )

315 456 365 482 46.
396 442 447 481 'lb
467 440 691 494 προκείμενον
716 441 852 495 ἐλέγξαι
876 442 939 489 τὴν
971 442 1212 496 Ξενοκράτους
1236 448 1295 483 τοῦ

262 500 455 543 Πλάτωνος
476 500 641 559 διαδόχου
662 499 743 553 περὶ
772 502 888 554 ψυχῆς
916 500 1038 546 δόξαν·
1060 501 1094 545 ὃς
1115 501 1212 553 ἔλεγε
1231 502 1294 550 τὴν

263 558 379 610 ψυχὴν
402 557 547 610 ἀριθμὸν
575 560 663 596 εἶναι
681 561 844 596 κινοῦντα
865 558 998 598 ἑαυτόν.
1027 558 1099 599 Και
1119 561 1222 606 δῆλον
1244 560 1296 600 ὅτι

261 619 291 655 εἷ
311 615 417 660 οὕτως
446 614 545 667 ἔλεγε
575 616 665 655 κατὰ
685 616 724 655 τὸ
745 616 950 670 φαινόμενον
971 615 1169 669 εὖέλεγκτος
1197 620 1215 656 ὃ
1235 618 1296 658 λό-

261 691 338 727 γος,
361 673 437 712 ἀλλ’
443 674 561 728 ,ὅπερ
586 691 646 713 και
667 676 701 713 ἐν
723 681 794 719 τοῖς
814 674 1009 728 ἔμπροσθεν
1034 670 1151 724 εἶπον,
1169 677 1231 715 οὐκ
1253 677 1293 716 ἄν

262 749 310 777 τις
334 734 404 772 οὐδ’
439 733 535 786 ἄκρῳ
556 734 716 787 δακτύλῳ
736 736 803 772 τῶν
834 734 1051 785 μαθημάτων
1082 734 1292 786 γευσάμενος

259 796 402 832 τοιαῦτα
420 792 459 831 ἂν
487 791 600 831 εἴποι·
616 795 633 830 ὁ
649 792 684 831 δὲ
705 793 979 846 Ἀριστοτέλης“
961 810 1007 837 ως
1024 792 1141 832 ειωθεν
1160 794 1297 856 ἐλέγχει

259 850 299 889 τὸ
317 851 522 903 φαινόμενον
543 855 602 890 τοῦ
622 851 745 903 λόγου·
768 852 814 890 τὰ
837 851 899 901 μὲν
917 846 974 890 οῦν
992 852 1091 890 κοινά
1120 867 1225 904 φησιν
1247 857 1298 891 εἰ-

259 925 316 947 ναι
333 908 393 948 καὶ
412 909 520 962 ταύτῃ
538 913 580 963 τῇ
598 909 676 962 δόξῃ
698 910 784 963 πρὸς
800 910 862 954 τὰς
878 911 1133 962 ἐληλεγμένας,
1149 912 1213 950 ὅσα
1229 912 1297 963 γὰρ

260 968 374 1008 εἵπετο
387 974 457 1013 τοῖς
474 969 642 1006 κινεῖσθαι
658 968 798 1021 λέγουσι
810 969 873 1015 τὴν
891 969 1007 1031 ψυχὴν
1023 970 1159 1017 ἄτοπα,
1178 973 1294 1008 ταῦτα

259 1026 320 1066 καὶ
338 1026 451 1079 τούτῳ
467 1026 588 1079 ἕψεται
603 1029 740 1080 λέγοντι
767 1028 912 1082 ἀριθμὸν
932 1032 1021 1066 εῖναι
1038 1032 1198 1066 κινοῦντα
1213 1030 1296 1066 ἑαυ-

258 1084 335 1122 τόν·
349 1084 394 1122 τὰ
412 1085 448 1123 δὲ
462 1084 554 1134 ἴδια,
574 1087 659 1126 καθό
678 1103 783 1140 φησιν
805 1087 948 1141 ἀριθμὸν
969 1081 1056 1126 εἶναι
1075 1087 1137 1135 τὴν
1152 1087 1294 1140 ψυχην,

261 1143 346 1197 πρὸς
365 1143 384 1181 ὃ
403 1146 461 1181 νῦν
487 1143 682 1186 ἐνίσταται.

316 1202 582 1254 (Philoponus
604 1204 651 1241 ad
682 1205 901 1242 Aristotelis
932 1206 979 1242 de
1011 1204 1153 1241 Anima
1184 1203 1255 1244 lib.
1280 1203 1296 1241 l

262 1262 329 1300 fol.
349 1263 390 1307 E,
419 1276 432 1298 1
447 1274 476 1298 ι.
494 1262 616 1300 Omisi
638 1263 738 1300 inter
758 1263 878 1301 verba
894 1266 1038 1301 τοιαῦτα
1056 1262 1096 1300 ἂν
1117 1261 1206 1300 εἴποι
1224 1272 1260 1300 et
1281 1265 1298 1300 ὁ

259 1320 295 1359 δὲ
320 1320 556 1373 Ἀριστοτέλης
579 1321 704 1358 locum
733 1321 814 1371 jam
842 1335 959 1372 supra
988 1320 1172 1371 positum.
1203 1320 1292 1360 Vid.

260 1380 392 1429 fragm.
417 1380 479 1428 39.
501 1379 549 1417 Ut
570 1380 802 1418 Themistius
818 1388 855 1416 et
876 1379 1116 1429 Philoponus
1136 1378 1236 1416 inter
1255 1392 1295 1417 se

259 1438 519 1483 dissentiunt,
554 1451 721 1487 quorum
754 1438 820 1475 ille
850 1437 1117 1475 definitionem
1146 1437 1295 1488 ipsam,

258 1496 322 1533 hic
342 1495 459 1534 verba
473 1505 618 1534 tantum
642 1496 871 1547 reprehendi
885 1496 1080 1533 existimat
1098 1510 1106 1532 t
1130 1496 1183 1533 ita
1201 1495 1299 1532 Sim-

262 1553 406 1604 plicius
423 1566 578 1604 quoque
599 1555 675 1591 alia
689 1554 838 1591 ratione
859 1553 1077 1591 Aristotelis
1096 1554 1224 1591 locum
1239 1556 1301 1592 in-

259 1621 507 1663 terpretatur.
526 1614 536 1663 )

317 1683 366 1709 47.
386 1668 474 1709 “Ort
498 1669 560 1721 μὲν
582 1670 639 1709 τὸν
666 1671 905 1723 Ξενοκράτους
935 1673 996 1717 τῆς
1020 1672 1136 1724 ψυχῆς
1156 1670 1299 1723 ὁρισμὸν

262 1728 493 1779 διακαθαίρει,
512 1727 569 1766 ἵνα
592 1729 640 1780 μὴ
664 1728 754 1767 κατὰ
776 1729 839 1776 τὴν
864 1729 993 1777 συνήθη
1022 1732 1089 1768 τῶν
1121 1731 1299 1780 ὀνομάτων

262 1790 388 1839 χρῆσιν
423 1787 602 1838 ἀκούωμεν
616 1818 626 1837 ,
661 1787 821 1841 φανερόν.
858 1788 904 1828 ‘O
938 1788 974 1826 δὲ
1008 1789 1300 1840 πραγματειώδης

265 1847 359 1897 αὐτῷ
380 1846 521 1884 τέταται
549 1847 698 1895 σκοπός,
721 1847 848 1891 παντὸς
870 1851 1039 1899 μερισμοῦ
1060 1846 1122 1894 τὴν
1146 1848 1297 1901 ψυχικὴν

264 1906 382 1943 οὐσίαν
411 1905 648 1958 ὑπερέχουσαν
681 1905 877 1952 δεῖξαι,οὗ
904 1908 964 1944 τοῦ
996 1905 1086 1944 κατὰ
1117 1906 1297 1958 συνέχειαν

264 1965 386 2012 μόνου·
407 1968 506 2002 τοῦτο
537 1965 603 2017 γὰρ
625 1964 691 2013 ἤδη
725 1965 898 2017 δέδειχεν,
924 1965 1084 2012 ἀκίνητον
1109 1963 1214 2011 αὐτὴν
1239 1965 1299 2008 τὰς

263 2022 464 2074 σωματικὰς
483 2025 633 2072 κινήσεις
650 2024 829 2077 δεδειχώς,
850 2025 909 2063 καὶ
931 2026 1006 2062 καθ’
1029 2023 1125 2075 ὅρους
1146 2024 1199 2062 ἀεὶ
1221 2024 1297 2077 βαί-

259 2098 405 2130 νουσαν,
428 2083 487 2120 καὶ
517 2085 555 2121 06
577 2082 698 2135 μέρεσι
725 2082 813 2135 μέρη
840 2081 862 2129 ἢ
884 2083 923 2121 τὸ
943 2082 1023 2121 ὅλον
1046 2081 1301 2133 γινώσκουσαν·

300 2215 351 2244 46.
381 2212 589 2252 Propositum
612 2213 662 2244 est
683 2211 829 2243 refellere
857 2211 1067 2251 Xenocratis,
1091 2211 1147 2251 qui
1171 2208 1300 2243 Platoni

259 2271 415 2303 successit
429 2295 437 2310 ,
462 2270 503 2302 de
522 2270 629 2302 animo
659 2270 865 2311 opinionem,
886 2270 945 2311 qui
973 2270 1116 2302 animum
1138 2278 1211 2302 esse
1236 2279 1298 2301 nu-

258 2338 385 2362 merum
411 2337 446 2361 se
475 2328 583 2369 ipsum
610 2330 795 2360 moventem
826 2327 966 2360 dicebat.
994 2327 1059 2361 Sed
1092 2328 1300 2369 perspicuum

259 2392 320 2427 est,
339 2388 367 2420 si
384 2387 430 2420 sic
451 2387 590 2427 dicebat,
611 2396 670 2428 pro
687 2397 726 2419 eo
743 2386 834 2428 quod
854 2388 991 2429 apparet
1010 2387 1081 2428 ejus
1101 2386 1298 2419 sententiam

258 2446 351 2479 facile
370 2455 463 2487 posse
479 2446 634 2485 refutari,
652 2455 767 2478 verum
782 2471 789 2485 ,
805 2446 893 2486 quod
910 2445 1008 2478 etiam
1027 2445 1060 2477 in
1080 2444 1300 2486 superioribus

259 2504 339 2544 dixi,
365 2513 459 2536 nemo
478 2503 536 2544 qui
557 2504 610 2537 vel
631 2505 788 2536 extremis
815 2504 925 2545 digitis
944 2503 1129 2545 disciplinas
1156 2503 1299 2545 attigerit

259 2563 337 2595 talia
352 2563 438 2595 dicet
456 2572 464 2590 ι
482 2563 670 2595 Aristoteles
688 2573 778 2603 vero,
793 2566 832 2597 ut
851 2564 944 2603 solet,
968 2563 1127 2605 opinionis
1142 2571 1219 2604 quae
1239 2572 1296 2605 ap-

259 2623 350 2663 paret
364 2621 531 2653 levitatem
548 2622 697 2654 confutat
724 2631 732 2649 ³
758 2622 819 2654 alia
842 2622 941 2663 igitur
963 2622 1148 2654 communia
1165 2630 1236 2654 csse
1253 2622 1299 2654 ait

260 2679 335 2710 huic
354 2682 516 2721 praecepto
535 2689 609 2711 cum
632 2680 824 2717 confutatis,
851 2690 1055 2722 quaecunque
1074 2680 1161 2713 enim
1178 2689 1297 2721 seque-

260 2738 377 2770 bantur
389 2738 460 2770 illos
484 2738 643 2777 absurda,
662 2738 719 2779 qui
744 2738 889 2771 animum
914 2739 1040 2771 moveri
1064 2738 1189 2778 dicunt,
1213 2748 1251 2771 ea
1266 2740 1300 2771 et

261 2796 350 2828 hunc
380 2798 558 2837 sequentur
578 2796 797 2829 affirmantem
811 2822 819 2836 ,
846 2806 1019 2829 numerum
1038 2806 1111 2830 esse
1134 2807 1169 2830 se
1190 2798 1299 2840 ipsum

259 2856 467 2894 moventem;
494 2854 556 2886 alia
575 2863 653 2886 vero
685 2854 834 2895 propria,
868 2856 1030 2894 quatenus
1055 2855 1101 2887 ait
1126 2863 1297 2890 numerum

260 2920 331 2944 esse
350 2911 503 2950 animum,
525 2912 577 2943 cui
596 2920 682 2942 nune
700 2911 842 2943 obsistit.

299 2972 338 3002 47
370 2969 575 3002 Aristotelem
593 2969 691 3001 animi
709 2969 933 3002 definitionem
955 2980 974 3001 a
992 2973 1170 3004 Xenocrate
1193 2971 1294 3004 tradi-

259 3030 327 3060 tam
343 3035 498 3068 purgare,
518 3036 558 3059 ne
584 3036 623 3059 ex
645 3026 772 3067 vulgari
789 3027 954 3059 nominum
969 3037 1033 3060 usu
1057 3028 1295 3071 intelligamus,

259 3088 408 3128 apertum
428 3087 489 3118 est.
516 3087 558 3117 At
573 3094 708 3126 operosa
730 3094 782 3117 res
798 3086 827 3118 ei
843 3086 1006 3127 proposita
1036 3089 1105 3127 est,
1126 3088 1297 3121 ostendere

260 3144 359 3177 animi
374 3144 590 3176 substantiam
611 3153 740 3176 omnem
758 3144 949 3176 divisionem
963 3153 1126 3186 superare,
1149 3155 1213 3178 non
1226 3155 1296 3179 eam

258 3205 386 3236 tantum
403 3211 478 3244 quae
495 3203 532 3234 fit
548 3211 605 3244 per
626 3202 874 3235 continuitatem
899 3215 906 3234 ε
926 3203 991 3235 iam
1018 3203 1105 3235 enim
1132 3205 1166 3236 id
1183 3207 1275 3236 osten

259 3261 326 3301 dit,
345 3261 522 3294 immunem
536 3261 639 3302 ipsam
657 3271 676 3293 a
686 3261 828 3302 corporis
841 3262 983 3294 motibus
999 3262 1223 3295 demonstrans
1233 3289 1240 3303 ,
1259 3265 1292 3296 et

260 3331 319 3363 por
330 3322 485 3354 terminos
503 3329 630 3362 semper
657 3321 861 3361 tendentem,
883 3330 948 3353 non
978 3322 1087 3353 autem
1111 3324 1222 3362 partes
1239 3323 1291 3355 vel

260 3382 368 3414 totum
384 3389 441 3421 per
465 3381 575 3422 partes
596 3378 842 3421 cognoscentem
866 3389 874 3409 =
892 3389 930 3412 eo
945 3380 1017 3412 loco
1036 3380 1094 3412 ubi
1111 3390 1175 3412 non
1198 3381 1296 3413 modo

262 3449 325 3473 non
353 3447 482 3482 corpus,
504 3440 562 3474 sed
577 3450 618 3474 ne
643 3441 745 3473 ullam
771 3440 905 3482 quidem
928 3440 1024 3473 aliam
1041 3441 1295 3482 magnitudinem

1174 237 1374 280 XENocR
1381 238 1492 282 ATIS

1357 327 1399 367 δι’
1416 322 1462 366 ων
1495 329 1532 366 οὗ
1553 327 1655 380 μόνον
1682 326 1734 366 ὅτι
1756 327 1795 365 οὔ
1815 341 1939 377 σωμα,
1973 326 2052 364 ἀλλ’
2069 325 2122 365 ὅτι
2146 325 2222 365 οὐδὲ
2243 325 2330 366 ἄλλο
2355 343 2391 367 τι

1359 386 1540 438 μέγεθος”
1521 402 1613 440 εχειν
1633 387 1825 426 ἐδείκνυτο·
1844 383 1921 423 ἀλλ’
1942 382 2063 432 ἐπειδὴ
2083 385 2142 424 καὶ
2162 387 2180 423 ὃ
2205 385 2359 432 συνήθως
2374 389 2391 410 “

1356 445 1537 498 λεγόμενος
1558 445 1720 499 ἀριθμός,
1745 444 1764 483 ὅ
1783 460 1820 482 τε
1839 460 1878 482 εκ
1899 443 2078 495 μονάδων,
2099 437 2167 488 οἶος
2186 445 2204 482 ὁ
2225 446 2391 495 μαθημα-

1357 504 1466 552 τικός,
1488 503 1548 543 καὶ
1567 506 1620 543 δ’
1605 520 1643 543 εκ
1662 504 1833 554 σωμάτων
1857 501 2084 554 ἀδιαιρέτων,
2102 500 2124 549 ἢ
2148 501 2297 555 ἐνεργείᾳ
2321 501 2392 559 μό-

1357 577 1410 600 νον
1432 561 1454 607 ἢ
1475 562 1534 601 καὶ
1555 562 1699 614 δυνάμει
1718 562 1778 600 καὶ
1798 559 1972 613 ἐνεργεία,
1994 563 2040 602 ὡς
2060 561 2090 598 οἱ
2113 558 2192 612 περὶ
2213 555 2393 613 Anu-<fia-

1357 635 1416 659 τον
1440 620 1665 673 υπετίθεντο,
1683 619 1706 667 ἢ
1732 621 1819 664 ὅλως
1836 622 1880 671 τῇ
1902 620 1993 658 θέσει
2013 620 2073 657 ἀπ’
2096 620 2256 666 ἀλλήλων
2277 633 2392 673 κεχω-

1359 679 1528 732 ρισμένων
1545 680 1577 729 1‘,
1598 681 1758 732 μεριστάς
1775 682 1885 725 ἔστιν,
1906 677 2007 722 αὐτός
2023 693 2059 716 τε
2077 680 2110 716 ἐν
2132 677 2297 730 διαιρέσει
2315 680 2396 726 θεω-

1360 738 1541 791 ρούμενος,
1576 738 1636 776 καὶ
1674 739 1718 776 τὰ
1748 739 2017 789 συμπληροῦντα
2052 737 2140 789 ἔχων
2180 736 2306 789 μερικὰ
2331 735 2394 786 κα),

1358 797 1651 848 ἀπεστενωμένα,
1676 797 1733 835 διὰ
1761 799 1828 835 τῶν
1858 796 1941 849 πρὸς
1974 795 2196 848 Ξενοκράτην
2223 795 2394 851 ἀντιρρή-

1358 871 1471 907 σεων,
1492 856 1545 896 ὅτι
1565 855 1642 895 οὐδὲ
1668 856 1757 894 ουτω
1778 854 1925 908 μεριστὴ
1950 858 1971 901 ἡ
1991 854 2087 924 ψυχὴ
2109 853 2297 903 δείκνυσιν,
2317 869 2396 894 ουτε

1357 918 1402 958 ὡς
1424 915 1585 968 ἀριθμός,
1607 914 1684 954 οὔτε
1699 918 1743 958 ὡς
1764 914 1943 965 μονάδες
1926 931 1947 961 η
1967 913 2130 964 στιγμαί,
2151 912 2186 958 ἐξ
2207 907 2254 952 ὧν
2276 885 2390 953 ἀδιαι-

1360 973 1464 1027 ρέτων
1487 977 1505 1012 ὃ
1525 973 1683 1027 ἀριθμός.
1740 972 1786 1013 Ὁ
1803 973 1904 1045 γὰρ’
1890 988 1939 1011 εκ·
1949 972 2120 1023 σωμάτων
2137 973 2237 1011 τινῶν
2253 963 2396 1025 αριθμος

1359 1032 1643 1084 ὁμολογουμένως
1672 1039 1686 1056 ⁰
1710 1034 1799 1084 αὐτῇ
1830 1033 1867 1070 06
1891 1032 2077 1084 προσήκει·
2098 1030 2168 1084 εἴγε
2189 1029 2342 1082 μηδὲν”
2324 1046 2398 1084 εχει

1360 1091 1512 1142 μέγεθος.
1533 1091 1576 1131 Ὁ
1598 1091 1659 1142 μὲν
1681 1085 1738 1130 ουν
1761 1090 1989 1143 Ξενοκράτης
2004 1091 2167 1143 ἀριθμους
2188 1089 2232 1128 τὰ
2248 1088 2334 1137 εἴδη
2338 1090 2399 1128 και

1359 1150 1458 1194 αυτὸς
1477 1148 1764 1203 προσαγορεύων,
1788 1149 1847 1187 καὶ
1869 1154 1937 1186 πᾶν
1963 1141 2050 1190 εἶδος
2070 1147 2255 1200 ἀμέριστον
2275 1147 2396 1195 εἰδώς,

1360 1208 1397 1248 τὸ
1420 1207 1456 1247 δὲ
1476 1208 1693 1281 κινούμενον..
1702 1207 1886 1259 μεριστόν,
1907 1222 1965 1245 και
1991 1206 2131 1250 πάντως
2151 1206 2241 1257 μετὰ
2259 1205 2304 1245 τὰ
2323 1205 2398 1259 εἴδη

1360 1267 1421 1314 τὴν
1453 1267 1630 1317 μεσότητα
1650 1283 1712 1314 της
1732 1269 1846 1338 ψυχῆς
1872 1265 1928 1303 διὰ
1946 1269 2014 1304 τῶν
2046 1264 2161 1317 ἄκρων
2193 1263 2399 1317 ἀμφοτέρων

1360 1327 1482 1373 δηλοῖ,
1518 1325 1670 1376 ἀριθμὸν
1702 1324 1902 1374 κινούμενον
1942 1323 2050 1370 αὐτὴν
2080 1322 2211 1371 εἰπών,
2244 1324 2291 1368 ὥς
2333 1322 2401 1377 οὐχ

1361 1383 1480 1426 ἁπλῶς
1503 1387 1608 1422 οὖσαν
1638 1376 1744 1430 εἶδος,
1765 1381 1855 1421 ἀλλὰ
1876 1382 1916 1420 τὸ
1936 1380 2014 1419 ὅλον
2042 1384 2142 1419 τοῦτο
2164 1381 2211 1424 εἰς
2230 1395 2400 1455 μερισμον

1362 1441 1517 1492 ὓποὸάν,
1537 1445 1575 1480 οὖ
1597 1441 1756 1495 μερισθὲν
1775 1440 1919 1487 τελέως,
1941 1441 2018 1479 ἀλλ’
2035 1438 2113 1478 οῦδὲ
2142 1441 2263 1490 μεῖναν
2292 1431 2398 1491 ειδος,

1360 1516 1411 1553 τῳ
1440 1501 1599 1551 χαλάσαι
1630 1500 1690 1539 καὶ
1710 1499 1854 1539 εκλῦσαί
1875 1513 1947 1542 πως
1973 1497 2036 1545 τὴν
2064 1497 2248 1549 ἀμέριστον
2278 1497 2400 1536 ἕνωσιν

1363 1557 1492 1609 μεταξὺ
1526 1556 1732 1609 γενόμενον,
1764 1557 1824 1595 καὶ
1866 1555 1922 1594 διὰ
1951 1558 2052 1595 τοῦτο
2081 1555 2159 1594 οὐδὲ
2203 1554 2400 1606 κινούμενον

1362 1616 1506 1663 ἁπλῶς,
1537 1615 1614 1655 ἀλλ’
1637 1615 1757 1654 ἑαυτὸν
1779 1614 1846 1668 ἔφη
1866 1618 2026 1653 κινοῦντα
2040 1629 2050 1639 ·
2082 1615 2140 1652 ἵνα
2172 1614 2231 1653 καὶ
2259 1613 2299 1654 τὸ
2316 1613 2400 1654 ἴδιον

1362 1674 1498 1728 ἐμφήνῃ
1519 1675 1817 1726 τῆς“μεσότητος,
1850 1671 2116 1725 κεχαλασμένης
2147 1673 2234 1724 μέν,
2255 1672 2340 1727 ὅπερ
2376 1676 2398 1720 ἡ

1361 1733 1494 1781 κίνησις
1515 1733 1699 1783 σημαίνει,
1714 1734 1778 1785 οὐχ
1805 1732 1895 1771 οὕτω
1913 1731 1948 1770 δὲ
1966 1733 2012 1775 ὡς
2031 1735 2092 1770 τοῦ
2108 1733 2212 1771 αὐτοῦ
2232 1733 2399 1785 ἀποσπα-

1363 1789 1511 1837 σθείσης.
1538 1790 1584 1830 ‘O
1605 1790 1642 1828 δὲ
1662 1789 1902 1843 Ἀριστοτέλης
1928 1788 2072 1842 ἀριθμόν
2098 1805 2136 1828 τε
2167 1788 2206 1827 τὸ
2237 1788 2400 1842 μεριστὸν

1364 1848 1496 1888 ἀκούων
1536 1850 1685 1897 πλῆθος,
1719 1848 1780 1886 καὶ
1814 1848 1949 1895 κίνησιν
1982 1847 2045 1895 τὴν
2081 1846 2174 1886 κατὰ
2218 1847 2398 1901 συνέχειαν

1363 1910 1573 1958 προϊοῦσαν,
1596 1907 1795 1959 ἀναγκαίως
1824 1906 1930 1958 ἄμφω
1959 1908 2022 1952 τ’ῆς
2045 1907 2161 1959 ψυχῆς
2180 1905 2398 1960 ἀποφάσκει,

1361 1967 1408 2008 ὡς
1430 1964 1486 2003 διὰ
1509 1963 1576 2013 τὴν
1600 1965 1777 2014 μεσότητα
1797 1963 1923 2008 παντὸς
1952 1964 2187 2019 ὑπερέχουσαν
2214 1966 2399 2016 μερισμοῦ.

1418 2024 1675 2075 (Simplicius
1703 2024 1750 2062 ad
1782 2024 2000 2062 Aristotelis
2031 2024 2079 2061 (le
2099 2023 2241 2067 Anima
2272 2022 2344 2064 lib.
2363 2023 2397 2074 1,

1366 2084 1430 2123 fol.
1458 2085 1501 2121 16
1527 2086 1569 2122 B.
1592 2082 1741 2135 Scripsi
1761 2086 1800 2119 ι’
1817 2082 1996 2131 συνήθως;
2019 2081 2132 2122 codd.
2155 2084 2325 2130 συνηθῶς.
2346 2104 2401 2113 -

1366 2211 1487 2243 habere
1503 2219 1575 2243 eam
1591 2210 1834 2243 demonstrabat
1858 2223 1866 2242 ι
1884 2209 1943 2243 sed
1963 2209 2116 2251 quoniam
2136 2211 2208 2242 tum
2223 2204 2282 2252 qui
2298 2209 2396 2252 vulgo

1362 2268 1482 2301 dieitur
1502 2277 1657 2301 numerus
1671 2293 1680 2310 ,
1698 2270 1769 2301 tum
1788 2267 1846 2310 qui
1861 2277 1903 2301 ex
1917 2268 2115 2300 monadibus
2127 2293 2135 2308 ,
2153 2269 2191 2300 ut
2212 2268 2395 2302 mathema-

1358 2327 1460 2367 ticus,
1483 2328 1554 2359 tum
1570 2326 1627 2368 qui
1641 2335 1682 2359 ex
1695 2326 1884 2368 corporibus
1904 2325 2083 2358 individuis
2102 2327 2160 2358 aut
2173 2327 2250 2358 actu
2268 2328 2397 2360 tantum

1358 2384 1416 2415 aut
1435 2383 1578 2424 potentia
1591 2385 1624 2415 et
1639 2384 1725 2422 actu,
1740 2384 1779 2414 ut
1792 2382 2000 2414 Democritus
2017 2382 2180 2422 censebat,
2197 2384 2255 2415 aut
2266 2381 2411 2416 omnino·

1358 2442 1400 2474 ab
1415 2441 1486 2473 aliis
1498 2442 1615 2473 mutuo
1631 2440 1698 2472 situ
1713 2440 1870 2481 separatis
1885 2441 1936 2473 est
1948 2439 2149 2481 compositus
2161 2439 2262 2472 dividi
2275 2441 2395 2483 potest,

1358 2499 1455 2532 simul
1467 2499 1537 2541 ipse
1547 2499 1582 2531 in
1602 2498 1761 2532 divisione
1779 2500 1963 2540 spectatus,
1979 2498 2076 2531 simul
2091 2498 2233 2540 partium
2252 2507 2391 2532 suarum

1359 2557 1605 2599 complementis
1631 2558 1665 2589 et
1684 2556 1844 2598 angustiis
1858 2555 2036 2598 praeditus,
2050 2554 2156 2588 allatis
2182 2555 2225 2589 ad
2245 2556 2394 2589 refutan-

1358 2616 1437 2648 dum
1455 2616 1674 2648 Xenocratem
1691 2614 1904 2656 argumentis,
1931 2621 2039 2656 neque
2059 2613 2106 2646 ita
2125 2613 2300 2648 dividuum
2319 2623 2392 2648 esse

1357 2675 1500 2709 animum
1517 2675 1687 2716 monstrat,
1705 2683 1811 2717 neque
1827 2677 1865 2707 ut
1886 2683 2081 2717 numerum,
2097 2683 2204 2716 neque
2222 2675 2262 2708 ut
2279 2683 2392 2708 mona·

1358 2735 1417 2768 des
1429 2735 1487 2767 aut
1503 2735 1624 2776 puncta
1634 2758 1643 2775 ,
1668 2742 1687 2766 e
1709 2733 1829 2776 quibus
1850 2734 1964 2775 utpote
1979 2733 2128 2767 indivisis
2144 2742 2297 2767 numerus
2314 2742 2394 2767 con-

1359 2795 1435 2826 stat.
1453 2794 1616 2826 Numerus
1628 2792 1712 2825 enim
1727 2801 1745 2824 e
1761 2791 1950 2832 corporibus
1972 2792 2168 2833 quibusdam
2184 2791 2343 2826 conflatus
2352 2801 2394 2825 ex

1358 2851 1506 2884 confesso
1519 2851 1581 2892 ipsi
1596 2851 1703 2883 animo
1718 2859 1782 2882 non
1794 2850 1964 2889 convenit,
1980 2851 2139 2893 siquidem
2152 2850 2274 2884 nullam
2290 2850 2394 2884 habet

1356 2909 1623 2953 magnitudinem
1638 2909 1838 2942 Xenocrates
1856 2908 1956 2950 igitur
1968 2909 2025 2950 qui
2037 2911 2071 2942 et
2083 2910 2153 2951 ipse
2171 2909 2293 2942 formas
2304 2908 2392 2951 ipsas

1358 2979 1511 3003 numeros
1527 2969 1667 3011 appellat
1690 2976 1886 3009 omnemque
1906 2968 2045 3000 formam
2062 2968 2262 3002 individuam
2275 2993 2285 3010 ‚
2303 2969 2393 3011 quod

1358 3040 1436 3063 vero
1456 3031 1610 3064 movetur
1638 3027 1810 3061 dividuum
1834 3036 1907 3070 esse
1933 3028 2018 3068 scit,
2036 3028 2167 3061 omnino
2192 3029 2291 3062 etiam
2317 3031 2394 3071 post

1356 3089 1480 3123 formas
1496 3088 1637 3122 mediam
1654 3086 1751 3120 anImi
1766 3088 1916 3119 naturam
1935 3087 2084 3128 utrisque
2096 3086 2244 3120 terminis
2255 3087 2388 3128 indicat,

1355 3157 1456 3190 quum
1470 3156 1639 3180 numerum
1655 3148 1747 3178 motu
1760 3144 1919 3187 agitatum
1933 3153 2008 3178 eum
2021 3145 2248 3185 nominaverit,
2263 3145 2384 3187 quippe

1355 3207 1411 3247 qui
1430 3215 1495 3240 non
1510 3205 1696 3247 simpliciter
1715 3204 1818 3236 forma
1837 3202 1880 3235 sit
1900 3203 2080 3236 seeundum
2098 3203 2220 3244 ipsum,
2244 3203 2302 3236 sed
2319 3203 2383 3235 hoc

1355 3268 1461 3298 totum
1474 3291 1483 3306 ,
1502 3265 1625 3298 scilicet
1643 3264 1745 3296 forma
1762 3271 1836 3304 quae
1852 3262 1886 3295 in
1902 3261 2094 3295 dlvisionem
2106 3261 2203 3305 quasi
2216 3261 2392 3296 descende-

1358 3325 1400 3356 rit
1413 3349 1420 3358 ,
1440 3333 1500 3357 nec
1514 3327 1623 3357 tamen
1642 3331 1774 3364 prorsus
1792 3321 1896 3354 dividi
1910 3321 2034 3363 possit,
2053 3320 2113 3355 sed
2129 3329 2171 3353 ne
2192 3321 2298 3354 forma
2313 3321 2388 3364 qui·

1355 3384 1429 3415 dem
1445 3392 1528 3424 pura
1545 3382 1694 3421 maneat,
1721 3389 1760 3413 eo
1781 3379 1869 3422 quod
1891 3379 2063 3413 recesserit
2088 3380 2121 3412 et
2146 3379 2389 3421 quodammodo

1355 3441 1521 3473 indIvidua
1545 3441 1598 3474 illa
1620 3438 1844 3481 conjunctione
1870 3437 2040 3471 exsolutus
2071 3437 2200 3471 medius
2223 3446 2373 3472 remansa
