<?xml version="1.0" encoding="UTF-8"?>
<!DOCTYPE html PUBLIC "-//W3C//DTD XHTML 1.0 Transitional//EN"
    "http://www.w3.org/TR/xhtml1/DTD/xhtml1-transitional.dtd">
<html xmlns="http://www.w3.org/1999/xhtml" xml:lang="en" lang="en">
 <head>
  <title>
</title>
<meta http-equiv="Content-Type" content="text/html;charset=utf-8" />
  <meta name='ocr-system' content='tesseract 3.04.00' />
  <meta name='ocr-capabilities' content='ocr_page ocr_carea ocr_par ocr_line ocrx_word'/>
</head>
<body>
  <div class='ocr_page' id='page_1' title='image "./fragmentaphiloso03mulluoft/fragmentaphiloso03mulluoft_0136.png"; bbox 0 0 2528 3788; ppageno 0'>
   <div class='ocr_carea' id='block_1_1' title="bbox 271 230 1486 275">
    <p class='ocr_par' dir='ltr' id='par_1_1' title="bbox 271 230 1486 275">
     <span class='ocr_line' id='line_1_1' title="bbox 271 230 1486 275; baseline 0.002 -3"><span class='ocrx_word' id='word_1_1' title='bbox 271 231 349 274; x_wconf 75' lang='lat'><strong>120</strong></span> <span class='ocrx_word' id='word_1_2' title='bbox 1166 230 1486 275; x_wconf 82' lang='lat' dir='ltr'><strong>XENOGRATls</strong></span> 
     </span>
    </p>
   </div>
   <div class='ocr_carea' id='block_1_2' title="bbox 258 319 2388 493">
    <p class='ocr_par' dir='ltr' id='par_1_2' title="bbox 258 319 2388 493">
     <span class='ocr_line' id='line_1_2' title="bbox 259 319 2387 376; baseline 0.001 -17"><span class='ocrx_word' id='word_1_3' title='bbox 259 321 392 373; x_wconf 85' lang='grc' dir='ltr'>γίνεται</span> <span class='ocrx_word' id='word_1_4' title='bbox 414 323 436 368; x_wconf 87' lang='grc' dir='ltr'>ἡ</span> <span class='ocrx_word' id='word_1_5' title='bbox 457 320 601 369; x_wconf 79' lang='grc' dir='ltr'>κίνησις,</span> <span class='ocrx_word' id='word_1_6' title='bbox 620 320 712 360; x_wconf 83' lang='grc' dir='ltr'>ἀλλὰ</span> <span class='ocrx_word' id='word_1_7' title='bbox 728 320 820 359; x_wconf 81' lang='grc' dir='ltr'>κατὰ</span> <span class='ocrx_word' id='word_1_8' title='bbox 838 319 981 375; x_wconf 78' lang='grc' dir='ltr'>μέγεθος</span> <span class='ocrx_word' id='word_1_9' title='bbox 1002 321 1210 375; x_wconf 79' lang='grc' dir='ltr'>ὡρισμένον.</span> <span class='ocrx_word' id='word_1_10' title='bbox 1234 323 1292 361; x_wconf 90' lang='grc' dir='ltr'><strong>Δι-</strong></span> <span class='ocrx_word' id='word_1_11' title='bbox 1353 322 1471 374; x_wconf 80' lang='grc' dir='ltr'>τρίτην</span> <span class='ocrx_word' id='word_1_12' title='bbox 1497 321 1628 371; x_wconf 81' lang='grc' dir='ltr'>ἄλλην,</span> <span class='ocrx_word' id='word_1_13' title='bbox 1649 321 1713 370; x_wconf 85' lang='grc' dir='ltr'><strong>τὴν</strong></span> <span class='ocrx_word' id='word_1_14' title='bbox 1737 322 1817 375; x_wconf 81' lang='grc' dir='ltr'>περὶ</span> <span class='ocrx_word' id='word_1_15' title='bbox 1840 322 1898 360; x_wconf 84' lang='grc' dir='ltr'><strong>τὸν</strong></span> <span class='ocrx_word' id='word_1_16' title='bbox 1918 321 2097 375; x_wconf 81' lang='grc' dir='ltr'>κύλινδρον</span> <span class='ocrx_word' id='word_1_17' title='bbox 2129 322 2228 362; x_wconf 79' lang='grc' dir='ltr'>ἕλικα</span> <span class='ocrx_word' id='word_1_18' title='bbox 2254 338 2387 376; x_wconf 80' lang='grc' dir='ltr'>γραφο-</span> 
     </span>
     <span class='ocr_line' id='line_1_3' title="bbox 258 378 2387 434; baseline 0.001 -16"><span class='ocrx_word' id='word_1_19' title='bbox 258 380 428 432; x_wconf 84' lang='grc' dir='ltr'>χοτομίαν</span> <span class='ocrx_word' id='word_1_20' title='bbox 458 379 492 418; x_wconf 82' lang='grc' dir='ltr'><strong>δὲ</strong></span> <span class='ocrx_word' id='word_1_21' title='bbox 523 379 666 419; x_wconf 84' lang='grc' dir='ltr'>ἐκάλεσε</span> <span class='ocrx_word' id='word_1_22' title='bbox 687 380 751 427; x_wconf 81' lang='grc' dir='ltr'><strong>τὴν</strong></span> <span class='ocrx_word' id='word_1_23' title='bbox 780 378 941 427; x_wconf 82' lang='grc' dir='ltr'>Ζήνωνος</span> <span class='ocrx_word' id='word_1_24' title='bbox 963 380 1202 434; x_wconf 80' lang='grc' dir='ltr'>ἐπιχείρησιν,</span> <span class='ocrx_word' id='word_1_25' title='bbox 1231 381 1292 420; x_wconf 76' lang='grc' dir='ltr'><strong>καὶ</strong></span> <span class='ocrx_word' id='word_1_26' title='bbox 1355 380 1480 432; x_wconf 84' lang='grc' dir='ltr'>μένην,</span> <span class='ocrx_word' id='word_1_27' title='bbox 1500 380 1582 420; x_wconf 86' lang='grc' dir='ltr'>ὅταν</span> <span class='ocrx_word' id='word_1_28' title='bbox 1609 380 1740 426; x_wconf 80' lang='grc' dir='ltr'>εὐθείας</span> <span class='ocrx_word' id='word_1_29' title='bbox 1758 380 1963 432; x_wconf 80' lang='grc' dir='ltr'>κινουμένης</span> <span class='ocrx_word' id='word_1_30' title='bbox 1990 381 2071 434; x_wconf 82' lang='grc' dir='ltr'>περὶ</span> <span class='ocrx_word' id='word_1_31' title='bbox 2101 381 2164 429; x_wconf 86' lang='grc' dir='ltr'><strong>τὴν</strong></span> <span class='ocrx_word' id='word_1_32' title='bbox 2186 382 2387 434; x_wconf 79' lang='grc' dir='ltr'>ἐπιφάνειαν</span> 
     </span>
     <span class='ocr_line' id='line_1_4' title="bbox 260 438 2388 493; baseline 0.001 -17"><span class='ocrx_word' id='word_1_33' title='bbox 260 439 360 484; x_wconf 86' lang='grc' dir='ltr'>δῆλον</span> <span class='ocrx_word' id='word_1_34' title='bbox 384 438 439 477; x_wconf 80' lang='grc' dir='ltr'><strong>διὰ</strong></span> <span class='ocrx_word' id='word_1_35' title='bbox 459 438 511 477; x_wconf 88' lang='grc' dir='ltr'><strong>τί·</strong></span> <span class='ocrx_word' id='word_1_36' title='bbox 530 438 619 477; x_wconf 87' lang='grc' dir='ltr'>διότι</span> <span class='ocrx_word' id='word_1_37' title='bbox 639 440 689 492; x_wconf 80' lang='grc' dir='ltr'><strong>τῷ</strong></span> <span class='ocrx_word' id='word_1_38' title='bbox 709 439 837 493; x_wconf 80' lang='grc' dir='ltr'>ληφθὲν</span> <span class='ocrx_word' id='word_1_39' title='bbox 861 438 1002 492; x_wconf 83' lang='grc' dir='ltr'>μέγεθος</span> <span class='ocrx_word' id='word_1_40' title='bbox 1024 440 1106 492; x_wconf 88' lang='grc' dir='ltr'>δίχα</span> <span class='ocrx_word' id='word_1_41' title='bbox 1123 439 1261 491; x_wconf 82' lang='grc' dir='ltr'>τέμνειν</span> <span class='ocrx_word' id='word_1_42' title='bbox 1275 469 1287 491; x_wconf 90' lang='grc'><strong>,</strong></span> <span class='ocrx_word' id='word_1_43' title='bbox 1356 443 1415 478; x_wconf 81' lang='grc' dir='ltr'><strong>τοῦ</strong></span> <span class='ocrx_word' id='word_1_44' title='bbox 1435 439 1636 492; x_wconf 83' lang='grc' dir='ltr'>κυλίνδρου,</span> <span class='ocrx_word' id='word_1_45' title='bbox 1658 445 1801 491; x_wconf 85' lang='grc' dir='ltr'>σημεῖον</span> <span class='ocrx_word' id='word_1_46' title='bbox 1820 441 2004 491; x_wconf 84' lang='grc' dir='ltr'>δμοταχῶς</span> <span class='ocrx_word' id='word_1_47' title='bbox 2029 439 2084 479; x_wconf 78' lang='grc' dir='ltr'>ἐπ’</span> <span class='ocrx_word' id='word_1_48' title='bbox 2112 440 2216 486; x_wconf 75' lang='grc' dir='ltr'>αὐτῆς</span> <span class='ocrx_word' id='word_1_49' title='bbox 2234 442 2388 487; x_wconf 75' lang='grc' dir='ltr'>κινῆται.</span> 
     </span>
    </p>
   </div>
   <div class='ocr_carea' id='block_1_3' title="bbox 256 497 2390 784">
    <p class='ocr_par' dir='ltr' id='par_1_3' title="bbox 256 497 2390 784">
     <span class='ocr_line' id='line_1_5' title="bbox 260 497 2386 552; baseline 0 -16"><span class='ocrx_word' id='word_1_50' title='bbox 260 497 367 542; x_wconf 85' lang='grc' dir='ltr'>οὕτως</span> <span class='ocrx_word' id='word_1_51' title='bbox 382 500 531 536; x_wconf 86' lang='grc' dir='ltr'>ἐποιεῖτο</span> <span class='ocrx_word' id='word_1_52' title='bbox 547 497 611 546; x_wconf 76' lang='grc' dir='ltr'><strong>τὴν</strong></span> <span class='ocrx_word' id='word_1_53' title='bbox 629 499 863 546; x_wconf 87' lang='grc' dir='ltr'>κατασκευήν.</span> <span class='ocrx_word' id='word_1_54' title='bbox 1355 497 1518 550; x_wconf 87' lang='grc' dir='ltr'>Γίγνεται</span> <span class='ocrx_word' id='word_1_55' title='bbox 1536 498 1604 552; x_wconf 77' lang='grc' dir='ltr'><strong>γὰρ</strong></span> <span class='ocrx_word' id='word_1_56' title='bbox 1629 498 1702 544; x_wconf 79' lang='grc' dir='ltr'>ἕλιξ</span> <span class='ocrx_word' id='word_1_57' title='bbox 1713 528 1723 547; x_wconf 90' lang='grc'><strong>,</strong></span> <span class='ocrx_word' id='word_1_58' title='bbox 1745 499 1767 547; x_wconf 83' lang='grc' dir='ltr'>ἣ</span> <span class='ocrx_word' id='word_1_59' title='bbox 1783 500 1996 550; x_wconf 79' lang='grc' dir='ltr'>ὁμοιομερῶς</span> <span class='ocrx_word' id='word_1_60' title='bbox 2013 498 2129 537; x_wconf 85' lang='grc' dir='ltr'>πάντα</span> <span class='ocrx_word' id='word_1_61' title='bbox 2146 497 2190 537; x_wconf 80' lang='grc' dir='ltr'><strong>τὰ</strong></span> <span class='ocrx_word' id='word_1_62' title='bbox 2211 497 2300 551; x_wconf 87' lang='grc' dir='ltr'>μέρη</span> <span class='ocrx_word' id='word_1_63' title='bbox 2316 503 2386 537; x_wconf 72' lang='grc' dir='ltr'>πᾶ·</span> 
     </span>
     <span class='ocr_line' id='line_1_6' title="bbox 315 555 2388 611; baseline 0.002 -17"><span class='ocrx_word' id='word_1_64' title='bbox 315 557 326 609; x_wconf 93' lang='grc'>(</span> <span class='ocrx_word' id='word_1_65' title='bbox 339 557 582 610; x_wconf 89' lang='lat' dir='ltr'><strong>Philoponus</strong></span> <span class='ocrx_word' id='word_1_66' title='bbox 601 558 643 596; x_wconf 91' lang='lat' dir='ltr'><strong>in</strong></span> <span class='ocrx_word' id='word_1_67' title='bbox 674 557 898 597; x_wconf 86' lang='lat' dir='ltr'><strong>Aristotelis</strong></span> <span class='ocrx_word' id='word_1_68' title='bbox 914 557 1034 610; x_wconf 88' lang='lat' dir='ltr'><strong>Phys.</strong></span> <span class='ocrx_word' id='word_1_69' title='bbox 1058 557 1131 597; x_wconf 92' lang='lat' dir='ltr'><strong>lib.</strong></span> <span class='ocrx_word' id='word_1_70' title='bbox 1155 556 1195 605; x_wconf 90' lang='lat' dir='ltr'><strong>l,</strong></span> <span class='ocrx_word' id='word_1_71' title='bbox 1222 558 1289 595; x_wconf 86' lang='lat' dir='ltr'><strong>fol.</strong></span> <span class='ocrx_word' id='word_1_72' title='bbox 1355 571 1408 595; x_wconf 90' lang='grc' dir='ltr'><strong>σιν</strong></span> <span class='ocrx_word' id='word_1_73' title='bbox 1430 557 1642 611; x_wconf 76' lang='grc' dir='ltr'>ἐφαρμόζει,</span> <span class='ocrx_word' id='word_1_74' title='bbox 1662 556 1823 610; x_wconf 85' lang='grc' dir='ltr'>καθάπερ</span> <span class='ocrx_word' id='word_1_75' title='bbox 1845 555 2072 602; x_wconf 80' lang='grc' dir='ltr'>Ἀπολλώνιος</span> <span class='ocrx_word' id='word_1_76' title='bbox 2100 558 2134 595; x_wconf 86' lang='grc' dir='ltr'><strong>ἐν</strong></span> <span class='ocrx_word' id='word_1_77' title='bbox 2153 559 2204 610; x_wconf 82' lang='grc' dir='ltr'><strong>τῷ</strong></span> <span class='ocrx_word' id='word_1_78' title='bbox 2228 555 2309 609; x_wconf 79' lang='grc' dir='ltr'>περὶ</span> <span class='ocrx_word' id='word_1_79' title='bbox 2325 559 2388 598; x_wconf 66' lang='grc' dir='ltr'><strong>τῶ</strong></span> 
     </span>
     <span class='ocr_line' id='line_1_7' title="bbox 258 614 1910 669; baseline 0.001 -17"><span class='ocrx_word' id='word_1_80' title='bbox 258 615 303 665; x_wconf 90' lang='lat' dir='ltr'><strong>C,</strong></span> <span class='ocrx_word' id='word_1_81' title='bbox 330 629 362 655; x_wconf 89' lang='lat'><strong>1.</strong></span> <span class='ocrx_word' id='word_1_82' title='bbox 377 616 391 666; x_wconf 93' lang='lat'><em>)</em></span> <span class='ocrx_word' id='word_1_83' title='bbox 1355 614 1497 668; x_wconf 83' lang='grc' dir='ltr'>κοχλίου</span> <span class='ocrx_word' id='word_1_84' title='bbox 1517 614 1701 669; x_wconf 81' lang='grc' dir='ltr'>γράμματι</span> <span class='ocrx_word' id='word_1_85' title='bbox 1721 616 1910 668; x_wconf 87' lang='grc' dir='ltr'>δείκνυσι.)</span> 
     </span>
     <span class='ocr_line' id='line_1_8' title="bbox 310 671 2032 728; baseline 0.001 -17"><span class='ocrx_word' id='word_1_86' title='bbox 310 686 359 712; x_wconf 82' lang='lat'><strong>27.</strong></span> <span class='ocrx_word' id='word_1_87' title='bbox 385 671 543 723; x_wconf 83' lang='grc' dir='ltr'>Εἴπομεν</span> <span class='ocrx_word' id='word_1_88' title='bbox 564 673 600 712; x_wconf 81' lang='grc' dir='ltr'><strong>δὲ</strong></span> <span class='ocrx_word' id='word_1_89' title='bbox 628 673 687 712; x_wconf 76' lang='grc' dir='ltr'><strong>καὶ</strong></span> <span class='ocrx_word' id='word_1_90' title='bbox 708 675 742 712; x_wconf 88' lang='grc' dir='ltr'><strong>ἐν</strong></span> <span class='ocrx_word' id='word_1_91' title='bbox 764 676 815 726; x_wconf 80' lang='grc' dir='ltr'><strong>τῷ</strong></span> <span class='ocrx_word' id='word_1_92' title='bbox 841 673 971 727; x_wconf 80' lang='grc' dir='ltr'>πρώτῳ</span> <span class='ocrx_word' id='word_1_93' title='bbox 990 673 1100 727; x_wconf 85' lang='grc' dir='ltr'>λόγῳ,</span> <span class='ocrx_word' id='word_1_94' title='bbox 1127 673 1180 713; x_wconf 86' lang='grc' dir='ltr'><strong>ὅτι</strong></span> <span class='ocrx_word' id='word_1_95' title='bbox 1204 674 1292 719; x_wconf 84' lang='grc' dir='ltr'>τινὲς</span> <span class='ocrx_word' id='word_1_96' title='bbox 1405 689 1455 715; x_wconf 85' lang='lat'><strong>29.</strong></span> <span class='ocrx_word' id='word_1_97' title='bbox 1477 675 1593 727; x_wconf 82' lang='grc' dir='ltr'>Ψυχὴ</span> <span class='ocrx_word' id='word_1_98' title='bbox 1618 675 1760 728; x_wconf 70' lang='grc' dir='ltr'>ἀριθμὸς</span> <span class='ocrx_word' id='word_1_99' title='bbox 1778 676 1898 715; x_wconf 84' lang='grc' dir='ltr'>ἑαυτὸν</span> <span class='ocrx_word' id='word_1_100' title='bbox 1915 678 2032 715; x_wconf 84' lang='grc' dir='ltr'>κινῶν.</span> 
     </span>
     <span class='ocr_line' id='line_1_9' title="bbox 256 729 2390 784; baseline 0.003 -16"><span class='ocrx_word' id='word_1_101' title='bbox 256 731 313 769; x_wconf 83' lang='grc' dir='ltr'><strong>τὸν</strong></span> <span class='ocrx_word' id='word_1_102' title='bbox 344 729 566 783; x_wconf 86' lang='grc' dir='ltr'>Ξενοκράτην</span> <span class='ocrx_word' id='word_1_103' title='bbox 601 732 835 770; x_wconf 79' lang='grc' dir='ltr'>ὑπώπτευσαν</span> <span class='ocrx_word' id='word_1_104' title='bbox 864 732 926 776; x_wconf 79' lang='grc' dir='ltr'><strong>τὰς</strong></span> <span class='ocrx_word' id='word_1_105' title='bbox 957 732 1106 783; x_wconf 83' lang='grc' dir='ltr'>ἀτόμους</span> <span class='ocrx_word' id='word_1_106' title='bbox 1137 734 1292 784; x_wconf 87' lang='grc' dir='ltr'>εἷσηγεῑ-</span> <span class='ocrx_word' id='word_1_107' title='bbox 1409 732 1657 784; x_wconf 81' lang='lat' dir='ltr'><strong>(scholiastes</strong></span> <span class='ocrx_word' id='word_1_108' title='bbox 1676 734 1843 773; x_wconf 87' lang='lat' dir='ltr'><strong>ineditus</strong></span> <span class='ocrx_word' id='word_1_109' title='bbox 1870 735 1920 772; x_wconf 87' lang='lat' dir='ltr'><strong>ad</strong></span> <span class='ocrx_word' id='word_1_110' title='bbox 1939 733 2172 784; x_wconf 83' lang='lat' dir='ltr'><strong>Dionysium</strong></span> <span class='ocrx_word' id='word_1_111' title='bbox 2197 733 2390 774; x_wconf 72' lang='lat' dir='ltr'><strong>Thracem</strong></span> 
     </span>
    </p>
   </div>
   <div class='ocr_carea' id='block_1_4' title="bbox 244 789 2444 2539">
    <p class='ocr_par' dir='ltr' id='par_1_4' title="bbox 244 789 2444 2539">
     <span class='ocr_line' id='line_1_10' title="bbox 258 789 2384 844; baseline 0.001 -17"><span class='ocrx_word' id='word_1_112' title='bbox 258 792 336 828; x_wconf 88' lang='grc' dir='ltr'>σθαι</span> <span class='ocrx_word' id='word_1_113' title='bbox 355 789 538 842; x_wconf 82' lang='grc' dir='ltr'>γραμμάς,</span> <span class='ocrx_word' id='word_1_114' title='bbox 553 790 613 829; x_wconf 81' lang='grc' dir='ltr'><strong>καὶ</strong></span> <span class='ocrx_word' id='word_1_115' title='bbox 631 790 807 840; x_wconf 80' lang='grc' dir='ltr'>ἐδείξαμεν</span> <span class='ocrx_word' id='word_1_116' title='bbox 829 793 875 835; x_wconf 84' lang='grc' dir='ltr'><strong>ὣς</strong></span> <span class='ocrx_word' id='word_1_117' title='bbox 891 791 1018 844; x_wconf 77' lang='grc' dir='ltr'>ψευδὴς</span> <span class='ocrx_word' id='word_1_118' title='bbox 1037 793 1092 838; x_wconf 67' lang='grc' dir='ltr'><strong>ἡε</strong></span> <span class='ocrx_word' id='word_1_119' title='bbox 1080 790 1236 830; x_wconf 83' lang='grc' dir='ltr'>υπόνοια.</span> <span class='ocrx_word' id='word_1_120' title='bbox 1353 804 1414 842; x_wconf 91' lang='lat' dir='ltr'><strong>ap.</strong></span> <span class='ocrx_word' id='word_1_121' title='bbox 1444 791 1663 830; x_wconf 83' lang='lat' dir='ltr'><strong>Fabricium</strong></span> <span class='ocrx_word' id='word_1_122' title='bbox 1684 793 1869 832; x_wconf 89' lang='lat' dir='ltr'><strong>Biblioth.</strong></span> <span class='ocrx_word' id='word_1_123' title='bbox 1880 793 1957 832; x_wconf 90' lang='lat' dir='ltr'><strong>Gr.</strong></span> <span class='ocrx_word' id='word_1_124' title='bbox 1986 792 2066 831; x_wconf 88' lang='lat' dir='ltr'><strong>vol.</strong></span> <span class='ocrx_word' id='word_1_125' title='bbox 2095 791 2166 839; x_wconf 89' lang='lat' dir='ltr'><strong>Ill,</strong></span> <span class='ocrx_word' id='word_1_126' title='bbox 2186 805 2279 844; x_wconf 81' lang='lat' dir='ltr'><strong>pag.·</strong></span> <span class='ocrx_word' id='word_1_127' title='bbox 2309 805 2384 842; x_wconf 75' lang='lat'><strong>¹9²</strong></span> 
     </span>
     <span class='ocr_line' id='line_1_11' title="bbox 313 849 2388 901; baseline 0 -14"><span class='ocrx_word' id='word_1_128' title='bbox 313 849 578 901; x_wconf 81' lang='lat' dir='ltr'><strong>(Philoponus</strong></span> <span class='ocrx_word' id='word_1_129' title='bbox 599 849 640 887; x_wconf 90' lang='lat' dir='ltr'><strong>in</strong></span> <span class='ocrx_word' id='word_1_130' title='bbox 677 850 900 888; x_wconf 87' lang='lat' dir='ltr'><strong>Aristotelis</strong></span> <span class='ocrx_word' id='word_1_131' title='bbox 927 850 1047 899; x_wconf 86' lang='lat' dir='ltr'><strong>Phys.</strong></span> <span class='ocrx_word' id='word_1_132' title='bbox 1074 851 1139 888; x_wconf 88' lang='lat' dir='ltr'><strong>sol.</strong></span> <span class='ocrx_word' id='word_1_133' title='bbox 1168 850 1220 897; x_wconf 91' lang='lat' dir='ltr'><strong>M,</strong></span> <span class='ocrx_word' id='word_1_134' title='bbox 1251 851 1290 891; x_wconf 88' lang='lat'><strong>8.</strong></span> <span class='ocrx_word' id='word_1_135' title='bbox 1353 850 1415 890; x_wconf 90' lang='lat' dir='ltr'><strong>ed.</strong></span> <span class='ocrx_word' id='word_1_136' title='bbox 1440 850 1586 888; x_wconf 87' lang='lat' dir='ltr'><strong>Harles.</strong></span> <span class='ocrx_word' id='word_1_137' title='bbox 1619 850 1787 888; x_wconf 85' lang='lat' dir='ltr'><strong>Eandem</strong></span> <span class='ocrx_word' id='word_1_138' title='bbox 1808 851 1929 889; x_wconf 87' lang='lat' dir='ltr'><strong>animi</strong></span> <span class='ocrx_word' id='word_1_139' title='bbox 1960 851 2223 889; x_wconf 88' lang='lat' dir='ltr'>definitionem</span> <span class='ocrx_word' id='word_1_140' title='bbox 2254 849 2388 888; x_wconf 87' lang='lat' dir='ltr'><strong>Xeno-</strong></span> 
     </span>
     <span class='ocr_line' id='line_1_12' title="bbox 257 907 2383 961; baseline 0.001 -17"><span class='ocrx_word' id='word_1_141' title='bbox 257 907 321 945; x_wconf 84' lang='lat' dir='ltr'><strong>Est</strong></span> <span class='ocrx_word' id='word_1_142' title='bbox 339 921 435 946; x_wconf 81' lang='lat' dir='ltr'><strong>vero</strong></span> <span class='ocrx_word' id='word_1_143' title='bbox 454 907 689 946; x_wconf 88' lang='lat' dir='ltr'><strong>Xenocrates</strong></span> <span class='ocrx_word' id='word_1_144' title='bbox 703 908 751 946; x_wconf 89' lang='lat' dir='ltr'><strong>iis</strong></span> <span class='ocrx_word' id='word_1_145' title='bbox 770 908 1014 961; x_wconf 88' lang='lat' dir='ltr'><strong>philosophis</strong></span> <span class='ocrx_word' id='word_1_146' title='bbox 1038 921 1292 946; x_wconf 83' lang='lat' dir='ltr'><strong>annumeran-</strong></span> <span class='ocrx_word' id='word_1_147' title='bbox 1353 910 1447 947; x_wconf 90' lang='lat' dir='ltr'><strong>crati</strong></span> <span class='ocrx_word' id='word_1_148' title='bbox 1467 908 1643 947; x_wconf 89' lang='lat' dir='ltr'><strong>tribuunt</strong></span> <span class='ocrx_word' id='word_1_149' title='bbox 1663 909 1894 948; x_wconf 83' lang='lat' dir='ltr'><strong>Plutarchus</strong></span> <span class='ocrx_word' id='word_1_150' title='bbox 1907 910 1956 948; x_wconf 92' lang='lat' dir='ltr'><strong>de</strong></span> <span class='ocrx_word' id='word_1_151' title='bbox 1974 909 2093 947; x_wconf 89' lang='lat' dir='ltr'><strong>anim.</strong></span> <span class='ocrx_word' id='word_1_152' title='bbox 2109 909 2244 952; x_wconf 86' lang='lat' dir='ltr'><strong>Procr.</strong></span> <span class='ocrx_word' id='word_1_153' title='bbox 2263 921 2345 959; x_wconf 82' lang='lat' dir='ltr'><strong>cap.</strong></span> <span class='ocrx_word' id='word_1_154' title='bbox 2366 921 2383 946; x_wconf 84' lang='lat'><em>1</em></span> 
     </span>
     <span class='ocr_line' id='line_1_13' title="bbox 257 966 2386 1018; baseline 0.001 -15"><span class='ocrx_word' id='word_1_155' title='bbox 257 967 351 1014; x_wconf 86' lang='lat' dir='ltr'><strong>dus,</strong></span> <span class='ocrx_word' id='word_1_156' title='bbox 367 980 532 1017; x_wconf 85' lang='lat' dir='ltr'><strong>quorum</strong></span> <span class='ocrx_word' id='word_1_157' title='bbox 554 967 696 1018; x_wconf 89' lang='lat' dir='ltr'><strong>placita</strong></span> <span class='ocrx_word' id='word_1_158' title='bbox 715 966 770 1004; x_wconf 85' lang='lat' dir='ltr'><strong>sic</strong></span> <span class='ocrx_word' id='word_1_159' title='bbox 785 967 907 1016; x_wconf 87' lang='lat' dir='ltr'><strong>tangit</strong></span> <span class='ocrx_word' id='word_1_160' title='bbox 925 967 1152 1005; x_wconf 86' lang='lat' dir='ltr'><strong>Aristoteles</strong></span> <span class='ocrx_word' id='word_1_161' title='bbox 1171 967 1289 1017; x_wconf 87' lang='lat' dir='ltr'><strong>Phys.</strong></span> <span class='ocrx_word' id='word_1_162' title='bbox 1355 967 1458 1017; x_wconf 90' lang='lat' dir='ltr'><strong>(vol.</strong></span> <span class='ocrx_word' id='word_1_163' title='bbox 1483 967 1575 1005; x_wconf 84' lang='lat' dir='ltr'>XIII</span> <span class='ocrx_word' id='word_1_164' title='bbox 1598 981 1635 1018; x_wconf 86' lang='lat' dir='ltr'><strong>p.</strong></span> <span class='ocrx_word' id='word_1_165' title='bbox 1667 970 1741 1016; x_wconf 81' lang='lat'><strong>287</strong></span> <span class='ocrx_word' id='word_1_166' title='bbox 1774 968 1836 1007; x_wconf 91' lang='lat' dir='ltr'><strong>ed.</strong></span> <span class='ocrx_word' id='word_1_167' title='bbox 1869 969 2073 1018; x_wconf 89' lang='lat' dir='ltr'><strong>Hutten.),</strong></span> <span class='ocrx_word' id='word_1_168' title='bbox 2097 966 2271 1005; x_wconf 83' lang='lat' dir='ltr'><strong>Stobaeus</strong></span> <span class='ocrx_word' id='word_1_169' title='bbox 2301 966 2386 1006; x_wconf 79' lang='lat' dir='ltr'><strong>Ecl.</strong></span> 
     </span>
     <span class='ocr_line' id='line_1_14' title="bbox 255 1024 2384 1079; baseline 0 -16"><span class='ocrx_word' id='word_1_170' title='bbox 255 1024 326 1065; x_wconf 90' lang='lat' dir='ltr'><strong>lib.</strong></span> <span class='ocrx_word' id='word_1_171' title='bbox 348 1024 378 1073; x_wconf 92' lang='lat' dir='ltr'><strong>l,</strong></span> <span class='ocrx_word' id='word_1_172' title='bbox 401 1027 422 1064; x_wconf 82' lang='lat'>3</span> <span class='ocrx_word' id='word_1_173' title='bbox 446 1038 534 1077; x_wconf 87' lang='lat' dir='ltr'><strong>pag.</strong></span> <span class='ocrx_word' id='word_1_174' title='bbox 561 1026 650 1073; x_wconf 89' lang='lat'>187.</span> <span class='ocrx_word' id='word_1_175' title='bbox 672 1026 716 1063; x_wconf 86' lang='grc' dir='ltr'>Α.</span> <span class='ocrx_word' id='word_1_176' title='bbox 740 1025 801 1064; x_wconf 87' lang='lat' dir='ltr'><strong>ed.</strong></span> <span class='ocrx_word' id='word_1_177' title='bbox 837 1025 997 1064; x_wconf 86' lang='lat' dir='ltr'><strong>Bekker.</strong></span> <span class='ocrx_word' id='word_1_178' title='bbox 1018 1025 1100 1064; x_wconf 84' lang='grc' dir='ltr'>ἔνιοι</span> <span class='ocrx_word' id='word_1_179' title='bbox 1128 1026 1157 1063; x_wconf 85' lang='grc' dir='ltr'><strong>δ’</strong></span> <span class='ocrx_word' id='word_1_180' title='bbox 1180 1026 1292 1064; x_wconf 83' lang='grc' dir='ltr'>ἐνέδο-</span> <span class='ocrx_word' id='word_1_181' title='bbox 1353 1026 1471 1078; x_wconf 86' lang='lat' dir='ltr'><strong>Phys.</strong></span> <span class='ocrx_word' id='word_1_182' title='bbox 1501 1027 1571 1066; x_wconf 90' lang='lat' dir='ltr'><strong>lib.</strong></span> <span class='ocrx_word' id='word_1_183' title='bbox 1601 1027 1634 1075; x_wconf 92' lang='lat'><strong>1,</strong></span> <span class='ocrx_word' id='word_1_184' title='bbox 1666 1041 1750 1078; x_wconf 86' lang='lat' dir='ltr'><strong>cap.</strong></span> <span class='ocrx_word' id='word_1_185' title='bbox 1776 1033 1841 1075; x_wconf 73' lang='lat'><strong>41,</strong></span> <span class='ocrx_word' id='word_1_186' title='bbox 1875 1040 1963 1079; x_wconf 84' lang='lat' dir='ltr'><strong>pag.</strong></span> <span class='ocrx_word' id='word_1_187' title='bbox 2001 1027 2073 1064; x_wconf 80' lang='lat'><strong>321</strong></span> <span class='ocrx_word' id='word_1_188' title='bbox 2097 1025 2160 1065; x_wconf 86' lang='lat' dir='ltr'><strong>ed.</strong></span> <span class='ocrx_word' id='word_1_189' title='bbox 2190 1025 2384 1066; x_wconf 77' lang='lat' dir='ltr'><strong>Gaisford.</strong></span> 
     </span>
     <span class='ocr_line' id='line_1_15' title="bbox 256 1082 2388 1137; baseline 0 -15"><span class='ocrx_word' id='word_1_190' title='bbox 256 1099 318 1123; x_wconf 89' lang='grc' dir='ltr'><strong>σαν</strong></span> <span class='ocrx_word' id='word_1_191' title='bbox 337 1085 405 1127; x_wconf 88' lang='grc' dir='ltr'>τοῖς</span> <span class='ocrx_word' id='word_1_192' title='bbox 431 1083 544 1135; x_wconf 84' lang='grc' dir='ltr'>λόγοις</span> <span class='ocrx_word' id='word_1_193' title='bbox 565 1082 797 1135; x_wconf 83' lang='grc' dir='ltr'>ἀμφοτέροις,</span> <span class='ocrx_word' id='word_1_194' title='bbox 819 1085 868 1136; x_wconf 81' lang='grc' dir='ltr'><strong>τῷ</strong></span> <span class='ocrx_word' id='word_1_195' title='bbox 884 1083 946 1134; x_wconf 86' lang='grc' dir='ltr'><strong>μὲν</strong></span> <span class='ocrx_word' id='word_1_196' title='bbox 968 1084 1020 1122; x_wconf 84' lang='grc' dir='ltr'><strong>ὅτι</strong></span> <span class='ocrx_word' id='word_1_197' title='bbox 1037 1084 1152 1122; x_wconf 86' lang='grc' dir='ltr'>πάντα</span> <span class='ocrx_word' id='word_1_198' title='bbox 1179 1083 1237 1133; x_wconf 83' lang='grc' dir='ltr'><strong>ἕν,</strong></span> <span class='ocrx_word' id='word_1_199' title='bbox 1263 1086 1292 1122; x_wconf 85' lang='grc' dir='ltr'><strong>εἰ</strong></span> <span class='ocrx_word' id='word_1_200' title='bbox 1353 1084 1605 1124; x_wconf 81' lang='lat' dir='ltr'><strong>Macrobius</strong></span> <span class='ocrx_word' id='word_1_201' title='bbox 1594 1100 1635 1124; x_wconf 88' lang='grc' dir='ltr'><strong>ιιι</strong></span> <span class='ocrx_word' id='word_1_202' title='bbox 1652 1086 1781 1124; x_wconf 87' lang='lat' dir='ltr'><strong>Somn.</strong></span> <span class='ocrx_word' id='word_1_203' title='bbox 1801 1085 1906 1137; x_wconf 90' lang='lat' dir='ltr'><strong>Scip.</strong></span> <span class='ocrx_word' id='word_1_204' title='bbox 1930 1098 2014 1137; x_wconf 88' lang='lat' dir='ltr'><strong>cap.</strong></span> <span class='ocrx_word' id='word_1_205' title='bbox 2038 1089 2083 1129; x_wconf 79' lang='lat'><strong>14</strong></span> <span class='ocrx_word' id='word_1_206' title='bbox 2103 1092 2141 1122; x_wconf 90' lang='lat' dir='ltr'><strong>et</strong></span> <span class='ocrx_word' id='word_1_207' title='bbox 2152 1097 2238 1135; x_wconf 87' lang='lat' dir='ltr'><strong>cap.</strong></span> <span class='ocrx_word' id='word_1_208' title='bbox 2257 1085 2297 1131; x_wconf 90' lang='lat'><strong>6,</strong></span> <span class='ocrx_word' id='word_1_209' title='bbox 2318 1083 2388 1127; x_wconf 79' lang='lat' dir='ltr'><strong>ubi</strong></span> 
     </span>
     <span class='ocr_line' id='line_1_16' title="bbox 255 1142 2388 1195; baseline 0 -14"><span class='ocrx_word' id='word_1_210' title='bbox 255 1143 293 1181; x_wconf 86' lang='grc' dir='ltr'><strong>τὸ</strong></span> <span class='ocrx_word' id='word_1_211' title='bbox 310 1142 346 1182; x_wconf 84' lang='grc' dir='ltr'><strong>ὂν</strong></span> <span class='ocrx_word' id='word_1_212' title='bbox 359 1142 396 1182; x_wconf 83' lang='grc' dir='ltr'><strong>ἓν</strong></span> <span class='ocrx_word' id='word_1_213' title='bbox 417 1142 606 1194; x_wconf 88' lang='grc' dir='ltr'>σημαίνει,</span> <span class='ocrx_word' id='word_1_214' title='bbox 622 1142 676 1182; x_wconf 84' lang='grc' dir='ltr'><strong>ὅτι</strong></span> <span class='ocrx_word' id='word_1_215' title='bbox 697 1143 771 1181; x_wconf 82' lang='grc' dir='ltr'>ἔστι</span> <span class='ocrx_word' id='word_1_216' title='bbox 786 1142 826 1181; x_wconf 83' lang='grc' dir='ltr'><strong>τὸ</strong></span> <span class='ocrx_word' id='word_1_217' title='bbox 844 1142 892 1194; x_wconf 88' lang='grc' dir='ltr'><strong>μὴ</strong></span> <span class='ocrx_word' id='word_1_218' title='bbox 903 1142 944 1181; x_wconf 86' lang='grc' dir='ltr'><strong>-ὄν</strong></span> <span class='ocrx_word' id='word_1_219' title='bbox 955 1173 965 1191; x_wconf 91' lang='grc'><strong>,</strong></span> <span class='ocrx_word' id='word_1_220' title='bbox 982 1146 1032 1195; x_wconf 87' lang='grc' dir='ltr'><strong>τῷ</strong></span> <span class='ocrx_word' id='word_1_221' title='bbox 1048 1143 1085 1181; x_wconf 86' lang='grc' dir='ltr'><strong>δὲ</strong></span> <span class='ocrx_word' id='word_1_222' title='bbox 1108 1145 1147 1181; x_wconf 88' lang='grc' dir='ltr'>ἐκ</span> <span class='ocrx_word' id='word_1_223' title='bbox 1160 1147 1222 1192; x_wconf 78' lang='grc' dir='ltr'><strong>τῆς</strong></span> <span class='ocrx_word' id='word_1_224' title='bbox 1236 1144 1291 1182; x_wconf 86' lang='grc' dir='ltr'><strong>δι-</strong></span> <span class='ocrx_word' id='word_1_225' title='bbox 1354 1146 1496 1183; x_wconf 84' lang='lat' dir='ltr'><strong>omisso</strong></span> <span class='ocrx_word' id='word_1_226' title='bbox 1517 1145 1744 1183; x_wconf 80' lang='lat' dir='ltr'><strong>Xenocratis</strong></span> <span class='ocrx_word' id='word_1_227' title='bbox 1757 1145 1911 1183; x_wconf 89' lang='lat' dir='ltr'><strong>nomine</strong></span> <span class='ocrx_word' id='word_1_228' title='bbox 1924 1157 2160 1182; x_wconf 70' lang='lat' dir='ltr'><strong>commemo}</strong></span> <span class='ocrx_word' id='word_1_229' title='bbox 2162 1151 2273 1190; x_wconf 78' lang='lat' dir='ltr'><strong>atui</strong></span> <span class='ocrx_word' id='word_1_230' title='bbox 2292 1143 2388 1183; x_wconf 75' lang='lat' dir='ltr'><strong>Bod-</strong></span> 
     </span>
     <span class='ocr_line' id='line_1_17' title="bbox 254 1199 2389 1254; baseline -0.001 -15"><span class='ocrx_word' id='word_1_231' title='bbox 254 1200 441 1253; x_wconf 85' lang='grc' dir='ltr'>χοτομίας,</span> <span class='ocrx_word' id='word_1_232' title='bbox 463 1200 578 1252; x_wconf 86' lang='grc' dir='ltr'>ἄτομα</span> <span class='ocrx_word' id='word_1_233' title='bbox 596 1201 803 1248; x_wconf 84' lang='grc' dir='ltr'>ποιήσαντες</span> <span class='ocrx_word' id='word_1_234' title='bbox 826 1200 997 1253; x_wconf 78' lang='grc' dir='ltr'>μεγέθη.)</span> <span class='ocrx_word' id='word_1_235' title='bbox 1354 1203 1458 1240; x_wconf 89' lang='lat' dir='ltr'><strong>thius</strong></span> <span class='ocrx_word' id='word_1_236' title='bbox 1490 1205 1590 1254; x_wconf 87' lang='lat' dir='ltr'><strong>T.op</strong></span> <span class='ocrx_word' id='word_1_237' title='bbox 1615 1202 1687 1243; x_wconf 91' lang='lat' dir='ltr'><strong>lib.</strong></span> <span class='ocrx_word' id='word_1_238' title='bbox 1720 1202 1792 1250; x_wconf 91' lang='lat' dir='ltr'><strong>Ill,</strong></span> <span class='ocrx_word' id='word_1_239' title='bbox 1828 1215 1915 1253; x_wconf 86' lang='lat' dir='ltr'>pag.</span> <span class='ocrx_word' id='word_1_240' title='bbox 1942 1203 2040 1249; x_wconf 81' lang='lat'>8733</span> <span class='ocrx_word' id='word_1_241' title='bbox 2077 1199 2317 1238; x_wconf 83' lang='lat' dir='ltr'><strong>Themistius</strong></span> <span class='ocrx_word' id='word_1_242' title='bbox 2345 1199 2389 1238; x_wconf 86' lang='lat' dir='ltr'><strong>in</strong></span> 
     </span>
     <span class='ocr_line' id='line_1_18' title="bbox 308 1257 2388 1312; baseline -0.001 -15"><span class='ocrx_word' id='word_1_243' title='bbox 308 1272 356 1298; x_wconf 78' lang='lat'><strong>28.</strong></span> <span class='ocrx_word' id='word_1_244' title='bbox 377 1259 583 1312; x_wconf 81' lang='grc' dir='ltr'>Ἐλέγχοιτο</span> <span class='ocrx_word' id='word_1_245' title='bbox 605 1260 636 1297; x_wconf 85' lang='grc' dir='ltr'><strong>δ’</strong></span> <span class='ocrx_word' id='word_1_246' title='bbox 654 1259 769 1298; x_wconf 82' lang='grc' dir='ltr'>ἃν·διὰ</span> <span class='ocrx_word' id='word_1_247' title='bbox 799 1262 858 1297; x_wconf 82' lang='grc' dir='ltr'><strong>τοῦ</strong></span> <span class='ocrx_word' id='word_1_248' title='bbox 882 1258 1132 1311; x_wconf 74' lang='grc' dir='ltr'>προὸλήματος</span> <span class='ocrx_word' id='word_1_249' title='bbox 1158 1259 1284 1300; x_wconf 85' lang='grc' dir='ltr'>τούτου</span> <span class='ocrx_word' id='word_1_250' title='bbox 1352 1260 1542 1312; x_wconf 87' lang='lat' dir='ltr'><strong>Paraphr.</strong></span> <span class='ocrx_word' id='word_1_251' title='bbox 1578 1261 1684 1301; x_wconf 88' lang='lat' dir='ltr'><strong>Post.</strong></span> <span class='ocrx_word' id='word_1_252' title='bbox 1723 1261 1837 1300; x_wconf 87' lang='lat' dir='ltr'><strong>Anal.</strong></span> <span class='ocrx_word' id='word_1_253' title='bbox 1859 1260 2019 1298; x_wconf 87' lang='lat' dir='ltr'><strong>Aristot.</strong></span> <span class='ocrx_word' id='word_1_254' title='bbox 2052 1257 2122 1298; x_wconf 91' lang='lat' dir='ltr'><strong>lib.</strong></span> <span class='ocrx_word' id='word_1_255' title='bbox 2151 1257 2205 1304; x_wconf 88' lang='lat' dir='ltr'><strong>ll,</strong></span> <span class='ocrx_word' id='word_1_256' title='bbox 2240 1257 2308 1295; x_wconf 90' lang='lat' dir='ltr'><strong>fol.</strong></span> <span class='ocrx_word' id='word_1_257' title='bbox 2343 1269 2388 1294; x_wconf 87' lang='grc' dir='ltr'><strong>ιο</strong></span> 
     </span>
     <span class='ocr_line' id='line_1_19' title="bbox 255 1313 2388 1370; baseline -0.001 -14"><span class='ocrx_word' id='word_1_258' title='bbox 255 1317 316 1356; x_wconf 82' lang='grc' dir='ltr'><strong>καὶ</strong></span> <span class='ocrx_word' id='word_1_259' title='bbox 360 1321 378 1357; x_wconf 81' lang='grc' dir='ltr'><strong><em>ὃ</em></strong></span> <span class='ocrx_word' id='word_1_260' title='bbox 404 1318 654 1370; x_wconf 83' lang='grc' dir='ltr'>Ξενοκράτειος</span> <span class='ocrx_word' id='word_1_261' title='bbox 679 1318 779 1370; x_wconf 83' lang='grc' dir='ltr'>λόγος</span> <span class='ocrx_word' id='word_1_262' title='bbox 809 1322 827 1358; x_wconf 82' lang='grc' dir='ltr'>ὁ</span> <span class='ocrx_word' id='word_1_263' title='bbox 859 1317 920 1362; x_wconf 86' lang='grc' dir='ltr'><strong>τὰς</strong></span> <span class='ocrx_word' id='word_1_264' title='bbox 956 1317 1106 1367; x_wconf 83' lang='grc' dir='ltr'>ἀτόμους</span> <span class='ocrx_word' id='word_1_265' title='bbox 1139 1319 1289 1369; x_wconf 84' lang='grc' dir='ltr'>εἰσάγων</span> <span class='ocrx_word' id='word_1_266' title='bbox 1354 1320 1406 1366; x_wconf 89' lang='grc' dir='ltr'><strong>Α;</strong></span> <span class='ocrx_word' id='word_1_267' title='bbox 1434 1320 1659 1359; x_wconf 85' lang='lat' dir='ltr'><strong>Aristoteles</strong></span> <span class='ocrx_word' id='word_1_268' title='bbox 1678 1320 1726 1357; x_wconf 91' lang='lat' dir='ltr'><strong>de</strong></span> <span class='ocrx_word' id='word_1_269' title='bbox 1746 1319 1862 1357; x_wconf 84' lang='lat' dir='ltr'><strong>anim.</strong></span> <span class='ocrx_word' id='word_1_270' title='bbox 1890 1318 1961 1358; x_wconf 93' lang='lat' dir='ltr'><strong>lib.</strong></span> <span class='ocrx_word' id='word_1_271' title='bbox 1991 1317 2024 1365; x_wconf 91' lang='lat'><strong>1,</strong></span> <span class='ocrx_word' id='word_1_272' title='bbox 2043 1330 2128 1368; x_wconf 91' lang='lat' dir='ltr'><strong>cap.</strong></span> <span class='ocrx_word' id='word_1_273' title='bbox 2153 1330 2175 1354; x_wconf 78' lang='lat' dir='ltr'><strong>a</strong></span> <span class='ocrx_word' id='word_1_274' title='bbox 2197 1324 2235 1354; x_wconf 84' lang='lat' dir='ltr'><strong>el:</strong></span> <span class='ocrx_word' id='word_1_275' title='bbox 2254 1321 2293 1360; x_wconf 80' lang='grc'><strong>4.</strong></span> <span class='ocrx_word' id='word_1_276' title='bbox 2313 1313 2388 1353; x_wconf 86' lang='lat' dir='ltr'><strong>Sed</strong></span> 
     </span>
     <span class='ocr_line' id='line_1_20' title="bbox 254 1366 2388 1431; baseline -0.002 -16"><span class='ocrx_word' id='word_1_277' title='bbox 254 1377 436 1429; x_wconf 87' lang='grc' dir='ltr'>γραμμάς.</span> <span class='ocrx_word' id='word_1_278' title='bbox 457 1375 578 1420; x_wconf 60' lang='lat' dir='ltr'><strong>“mm</strong></span> <span class='ocrx_word' id='word_1_279' title='bbox 605 1377 673 1431; x_wconf 83' lang='grc' dir='ltr'><strong>γὰρ</strong></span> <span class='ocrx_word' id='word_1_280' title='bbox 694 1379 725 1414; x_wconf 81' lang='grc' dir='ltr'><strong>εἰ</strong></span> <span class='ocrx_word' id='word_1_281' title='bbox 741 1375 814 1414; x_wconf 84' lang='grc' dir='ltr'>ἔστι</span> <span class='ocrx_word' id='word_1_282' title='bbox 833 1376 1006 1428; x_wconf 88' lang='grc' dir='ltr'>γραμμή,</span> <span class='ocrx_word' id='word_1_283' title='bbox 1026 1374 1049 1422; x_wconf 83' lang='grc' dir='ltr'>ἢ</span> <span class='ocrx_word' id='word_1_284' title='bbox 1076 1376 1190 1414; x_wconf 80' lang='grc' dir='ltr'>εὐθεῖά</span> <span class='ocrx_word' id='word_1_285' title='bbox 1217 1366 1291 1415; x_wconf 69' lang='grc' dir='ltr'>ἐστι</span> <span class='ocrx_word' id='word_1_286' title='bbox 1352 1377 1393 1415; x_wconf 81' lang='grc' dir='ltr'><strong>ιιι</strong></span> <span class='ocrx_word' id='word_1_287' title='bbox 1414 1377 1632 1415; x_wconf 84' lang='lat' dir='ltr'><strong>definiendo</strong></span> <span class='ocrx_word' id='word_1_288' title='bbox 1653 1378 1782 1415; x_wconf 83' lang='lat' dir='ltr'><strong>animo</strong></span> <span class='ocrx_word' id='word_1_289' title='bbox 1797 1406 1807 1425; x_wconf 90' lang='lat'><strong>,</strong></span> <span class='ocrx_word' id='word_1_290' title='bbox 1830 1377 1983 1428; x_wconf 91' lang='lat' dir='ltr'><strong>qualem</strong></span> <span class='ocrx_word' id='word_1_291' title='bbox 2003 1375 2237 1415; x_wconf 84' lang='lat' dir='ltr'><strong>Xenocrates</strong></span> <span class='ocrx_word' id='word_1_292' title='bbox 2252 1373 2388 1412; x_wconf 80' lang='lat' dir='ltr'><strong>infor-</strong></span> 
     </span>
     <span class='ocr_line' id='line_1_21' title="bbox 254 1433 2388 1486; baseline -0.001 -13"><span class='ocrx_word' id='word_1_293' title='bbox 254 1435 315 1474; x_wconf 88' lang='grc' dir='ltr'><strong>καὶ</strong></span> <span class='ocrx_word' id='word_1_294' title='bbox 348 1435 490 1474; x_wconf 82' lang='grc' dir='ltr'>δυνατὸν</span> <span class='ocrx_word' id='word_1_295' title='bbox 521 1434 628 1481; x_wconf 80' lang='grc' dir='ltr'>αὐτὴν</span> <span class='ocrx_word' id='word_1_296' title='bbox 659 1434 741 1486; x_wconf 89' lang='grc' dir='ltr'>δίχα</span> <span class='ocrx_word' id='word_1_297' title='bbox 772 1435 913 1485; x_wconf 82' lang='grc' dir='ltr'>τεμεῖν,</span> <span class='ocrx_word' id='word_1_298' title='bbox 942 1433 965 1481; x_wconf 84' lang='grc' dir='ltr'>ἢ</span> <span class='ocrx_word' id='word_1_299' title='bbox 998 1433 1203 1486; x_wconf 82' lang='grc' dir='ltr'>περιφερής,</span> <span class='ocrx_word' id='word_1_300' title='bbox 1231 1435 1291 1473; x_wconf 85' lang='grc' dir='ltr'><strong>καὶ</strong></span> <span class='ocrx_word' id='word_1_301' title='bbox 1352 1447 1450 1483; x_wconf 85' lang='lat' dir='ltr'><strong>mat,</strong></span> <span class='ocrx_word' id='word_1_302' title='bbox 1485 1436 1700 1474; x_wconf 82' lang='lat' dir='ltr'><strong>Platonicae</strong></span> <span class='ocrx_word' id='word_1_303' title='bbox 1731 1436 1950 1486; x_wconf 85' lang='lat' dir='ltr'><strong>disciplinae</strong></span> <span class='ocrx_word' id='word_1_304' title='bbox 1983 1434 2150 1484; x_wconf 69' lang='lat' dir='ltr'><strong>vestigia</strong></span> <span class='ocrx_word' id='word_1_305' title='bbox 2186 1440 2388 1484; x_wconf 80' lang='lat' dir='ltr'><strong>apparent.</strong></span> 
     </span>
     <span class='ocr_line' id='line_1_22' title="bbox 255 1492 1925 1546; baseline -0.001 -14"><span class='ocrx_word' id='word_1_306' title='bbox 255 1494 380 1545; x_wconf 87' lang='grc' dir='ltr'>μείζων</span> <span class='ocrx_word' id='word_1_307' title='bbox 401 1494 491 1533; x_wconf 79' lang='grc' dir='ltr'>ἐστὶν</span> <span class='ocrx_word' id='word_1_308' title='bbox 511 1493 642 1536; x_wconf 78' lang='grc' dir='ltr'>εὐθείας</span> <span class='ocrx_word' id='word_1_309' title='bbox 659 1493 765 1537; x_wconf 88' lang='grc' dir='ltr'>τινός·</span> <span class='ocrx_word' id='word_1_310' title='bbox 789 1494 910 1545; x_wconf 82' lang='grc' dir='ltr'>(πᾶσα</span> <span class='ocrx_word' id='word_1_311' title='bbox 924 1493 991 1545; x_wconf 90' lang='grc' dir='ltr'><strong>γὰρ</strong></span> <span class='ocrx_word' id='word_1_312' title='bbox 1003 1492 1190 1546; x_wconf 83' lang='grc' dir='ltr'>περιφερὴς</span> <span class='ocrx_word' id='word_1_313' title='bbox 1204 1494 1292 1532; x_wconf 80' lang='grc' dir='ltr'>πάν·</span> <span class='ocrx_word' id='word_1_314' title='bbox 1351 1493 1447 1531; x_wconf 86' lang='lat' dir='ltr'><strong>Vide</strong></span> <span class='ocrx_word' id='word_1_315' title='bbox 1464 1494 1668 1532; x_wconf 65' lang='lat' dir='ltr'><strong>Phaedrum</strong></span> <span class='ocrx_word' id='word_1_316' title='bbox 1686 1508 1724 1545; x_wconf 88' lang='lat' dir='ltr'><strong>p.</strong></span> <span class='ocrx_word' id='word_1_317' title='bbox 1743 1493 1818 1538; x_wconf 74' lang='lat'><strong>245</strong></span> <span class='ocrx_word' id='word_1_318' title='bbox 1836 1492 1880 1531; x_wconf 90' lang='lat' dir='ltr'><strong>C.</strong></span> <span class='ocrx_word' id='word_1_319' title='bbox 1899 1493 1925 1544; x_wconf 96' lang='lat'>)</span> 
     </span>
     <span class='ocr_line' id='line_1_23' title="bbox 253 1547 2389 1605; baseline -0.002 -15"><span class='ocrx_word' id='word_1_320' title='bbox 253 1568 319 1595; x_wconf 89' lang='grc' dir='ltr'><strong>τως</strong></span> <span class='ocrx_word' id='word_1_321' title='bbox 335 1551 409 1604; x_wconf 81' lang='grc' dir='ltr'>ἔχει</span> <span class='ocrx_word' id='word_1_322' title='bbox 424 1551 503 1590; x_wconf 82' lang='grc' dir='ltr'>τινὰ</span> <span class='ocrx_word' id='word_1_323' title='bbox 527 1554 661 1589; x_wconf 81' lang='grc' dir='ltr'>εὐθεῖαν</span> <span class='ocrx_word' id='word_1_324' title='bbox 679 1551 872 1603; x_wconf 80' lang='grc' dir='ltr'>ἐλάσσονα)</span> <span class='ocrx_word' id='word_1_325' title='bbox 891 1550 914 1598; x_wconf 84' lang='grc' dir='ltr'>ἢ</span> <span class='ocrx_word' id='word_1_326' title='bbox 936 1550 1066 1600; x_wconf 82' lang='grc' dir='ltr'>μικτή,</span> <span class='ocrx_word' id='word_1_327' title='bbox 1085 1551 1146 1589; x_wconf 84' lang='grc' dir='ltr'><strong>καὶ</strong></span> <span class='ocrx_word' id='word_1_328' title='bbox 1171 1553 1291 1605; x_wconf 82' lang='grc' dir='ltr'>πολλῷ</span> <span class='ocrx_word' id='word_1_329' title='bbox 1409 1565 1458 1591; x_wconf 84' lang='grc' dir='ltr'>3ο.</span> <span class='ocrx_word' id='word_1_330' title='bbox 1481 1551 1585 1591; x_wconf 76' lang='grc' dir='ltr'>Ἐπεὶ</span> <span class='ocrx_word' id='word_1_331' title='bbox 1615 1551 1651 1590; x_wconf 84' lang='grc' dir='ltr'><strong>δὲ</strong></span> <span class='ocrx_word' id='word_1_332' title='bbox 1678 1555 1746 1590; x_wconf 86' lang='grc' dir='ltr'><strong>τῶν</strong></span> <span class='ocrx_word' id='word_1_333' title='bbox 1768 1550 2014 1602; x_wconf 81' lang='grc' dir='ltr'>δοκιμωτάτων</span> <span class='ocrx_word' id='word_1_334' title='bbox 2050 1550 2183 1602; x_wconf 83' lang='grc' dir='ltr'>ἀνδρῶν</span> <span class='ocrx_word' id='word_1_335' title='bbox 2213 1547 2291 1593; x_wconf 68' lang='grc' dir='ltr'>τοὺς</span> <span class='ocrx_word' id='word_1_336' title='bbox 2324 1548 2389 1599; x_wconf 70' lang='grc' dir='ltr'><strong>μὲν</strong></span> 
     </span>
     <span class='ocr_line' id='line_1_24' title="bbox 252 1602 2444 1663; baseline -0.001 -14"><span class='ocrx_word' id='word_1_337' title='bbox 252 1609 358 1649; x_wconf 77' lang='grc' dir='ltr'>πλέον</span> <span class='ocrx_word' id='word_1_338' title='bbox 380 1610 468 1656; x_wconf 76' lang='grc' dir='ltr'>αὕτη</span> <span class='ocrx_word' id='word_1_339' title='bbox 489 1609 642 1662; x_wconf 88' lang='grc' dir='ltr'>διαιρετή</span> <span class='ocrx_word' id='word_1_340' title='bbox 659 1611 751 1647; x_wconf 81' lang='grc' dir='ltr'>ἐστιν</span> <span class='ocrx_word' id='word_1_341' title='bbox 765 1639 776 1660; x_wconf 94' lang='grc'><strong>,</strong></span> <span class='ocrx_word' id='word_1_342' title='bbox 798 1609 897 1661; x_wconf 83' lang='grc' dir='ltr'>εἴπερ</span> <span class='ocrx_word' id='word_1_343' title='bbox 917 1608 952 1654; x_wconf 80' lang='grc' dir='ltr'><strong>ἐξ</strong></span> <span class='ocrx_word' id='word_1_344' title='bbox 969 1610 1089 1647; x_wconf 83' lang='grc' dir='ltr'>ἁπλῶν</span> <span class='ocrx_word' id='word_1_345' title='bbox 1109 1611 1183 1648; x_wconf 86' lang='grc' dir='ltr'>ἐστι</span> <span class='ocrx_word' id='word_1_346' title='bbox 1202 1610 1289 1649; x_wconf 87' lang='grc' dir='ltr'>διαι-</span> <span class='ocrx_word' id='word_1_347' title='bbox 1354 1611 1576 1663; x_wconf 83' lang='grc' dir='ltr'>Ξενοκράτης</span> <span class='ocrx_word' id='word_1_348' title='bbox 1595 1609 1855 1662; x_wconf 86' lang='grc' dir='ltr'>προσηγάγετο,</span> <span class='ocrx_word' id='word_1_349' title='bbox 1874 1611 1936 1656; x_wconf 75' lang='grc' dir='ltr'><strong>τῆς</strong></span> <span class='ocrx_word' id='word_1_350' title='bbox 1960 1610 2075 1662; x_wconf 75' lang='grc' dir='ltr'>ψυχῆς</span> <span class='ocrx_word' id='word_1_351' title='bbox 2094 1608 2156 1657; x_wconf 80' lang='grc' dir='ltr'><strong>τὴν</strong></span> <span class='ocrx_word' id='word_1_352' title='bbox 2173 1607 2290 1648; x_wconf 77' lang='grc' dir='ltr'>οὐσίαν</span> <span class='ocrx_word' id='word_1_353' title='bbox 2309 1609 2388 1660; x_wconf 75' lang='grc' dir='ltr'>ἅρι·</span> <span class='ocrx_word' id='word_1_354' title='bbox 2438 1602 2444 1606; x_wconf 46' lang='lat'>¹</span> 
     </span>
     <span class='ocr_line' id='line_1_25' title="bbox 256 1664 2390 1721; baseline -0.001 -14"><span class='ocrx_word' id='word_1_355' title='bbox 256 1671 376 1721; x_wconf 84' lang='grc' dir='ltr'>ρετῶν.</span> <span class='ocrx_word' id='word_1_356' title='bbox 399 1667 504 1708; x_wconf 85' lang='grc' dir='ltr'>Ἀλλὰ</span> <span class='ocrx_word' id='word_1_357' title='bbox 523 1671 633 1707; x_wconf 75' lang='grc' dir='ltr'>ταῦτα</span> <span class='ocrx_word' id='word_1_358' title='bbox 656 1667 717 1719; x_wconf 86' lang='grc' dir='ltr'><strong>μὲν</strong></span> <span class='ocrx_word' id='word_1_359' title='bbox 737 1669 785 1712; x_wconf 86' lang='grc' dir='ltr'><strong>εἷς</strong></span> <span class='ocrx_word' id='word_1_360' title='bbox 802 1668 913 1716; x_wconf 84' lang='grc' dir='ltr'>ἄλλην</span> <span class='ocrx_word' id='word_1_361' title='bbox 932 1667 1185 1716; x_wconf 74' lang='grc' dir='ltr'>ἀναὸεὸλήσθω</span> <span class='ocrx_word' id='word_1_362' title='bbox 1204 1672 1288 1707; x_wconf 53' lang='grc' dir='ltr'>θεων</span> <span class='ocrx_word' id='word_1_363' title='bbox 1352 1668 1436 1718; x_wconf 89' lang='grc' dir='ltr'>θμὸν</span> <span class='ocrx_word' id='word_1_364' title='bbox 1463 1668 1564 1708; x_wconf 83' lang='grc' dir='ltr'>αὐτὸν</span> <span class='ocrx_word' id='word_1_365' title='bbox 1594 1669 1649 1720; x_wconf 76' lang='grc' dir='ltr'><strong>ὑφ’</strong></span> <span class='ocrx_word' id='word_1_366' title='bbox 1669 1670 1791 1706; x_wconf 80' lang='grc' dir='ltr'>ἑαυτοῦ</span> <span class='ocrx_word' id='word_1_367' title='bbox 1822 1666 2019 1717; x_wconf 82' lang='grc' dir='ltr'>κινούμενον</span> <span class='ocrx_word' id='word_1_368' title='bbox 2040 1664 2315 1719; x_wconf 76' lang='grc' dir='ltr'>ἀποφηνάμενος.</span> <span class='ocrx_word' id='word_1_369' title='bbox 2335 1686 2390 1696; x_wconf 91' lang='grc'>-</span> 
     </span>
     <span class='ocr_line' id='line_1_26' title="bbox 256 1724 2387 1799; baseline -0.001 -34"><span class='ocrx_word' id='word_1_370' title='bbox 256 1727 347 1779; x_wconf 89' lang='grc' dir='ltr'>ρίαν.</span> <span class='ocrx_word' id='word_1_371' title='bbox 1355 1727 1402 1766; x_wconf 83' lang='grc' dir='ltr'><strong>Οἱ</strong></span> <span class='ocrx_word' id='word_1_372' title='bbox 1422 1726 1484 1776; x_wconf 85' lang='grc' dir='ltr'><strong>μὲν</strong></span> <span class='ocrx_word' id='word_1_373' title='bbox 1509 1726 1590 1795; x_wconf 68' lang='grc' dir='ltr'><strong>γὰρω</strong></span> <span class='ocrx_word' id='word_1_374' title='bbox 1601 1725 1697 1765; x_wconf 76' lang='grc' dir='ltr'>οὐδὲν</span> <span class='ocrx_word' id='word_1_375' title='bbox 1727 1725 1813 1765; x_wconf 90' lang='grc' dir='ltr'>ἄλλο</span> <span class='ocrx_word' id='word_1_376' title='bbox 1837 1724 2011 1799; x_wconf 85' lang='grc' dir='ltr'>ἢγενεσιν</span> <span class='ocrx_word' id='word_1_377' title='bbox 2036 1726 2181 1778; x_wconf 81' lang='grc' dir='ltr'>ἀριθμοῦ</span> <span class='ocrx_word' id='word_1_378' title='bbox 2201 1724 2387 1772; x_wconf 67' lang='grc' dir='ltr'>δηλοῦσθαι</span> 
     </span>
     <span class='ocr_line' id='line_1_27' title="bbox 244 1781 2389 1854; baseline -0.002 -30"><span class='ocrx_word' id='word_1_379' title='bbox 244 1810 247 1824; x_wconf 72' lang='grc'><em>;</em></span> <span class='ocrx_word' id='word_1_380' title='bbox 310 1787 321 1836; x_wconf 81' lang='lat'>(</span> <span class='ocrx_word' id='word_1_381' title='bbox 332 1786 529 1824; x_wconf 82' lang='lat' dir='ltr'><strong>Proclus</strong></span> <span class='ocrx_word' id='word_1_382' title='bbox 517 1799 559 1824; x_wconf 88' lang='grc' dir='ltr'><strong>ιιι</strong></span> <span class='ocrx_word' id='word_1_383' title='bbox 580 1785 696 1837; x_wconf 87' lang='lat' dir='ltr'><strong>prim.</strong></span> <span class='ocrx_word' id='word_1_384' title='bbox 723 1785 896 1823; x_wconf 90' lang='lat' dir='ltr'><strong>Euclidis</strong></span> <span class='ocrx_word' id='word_1_385' title='bbox 917 1786 1095 1824; x_wconf 87' lang='lat' dir='ltr'><strong>element.</strong></span> <span class='ocrx_word' id='word_1_386' title='bbox 1119 1785 1190 1824; x_wconf 88' lang='lat' dir='ltr'><strong>lib.</strong></span> <span class='ocrx_word' id='word_1_387' title='bbox 1215 1785 1288 1834; x_wconf 86' lang='lat' dir='ltr'><strong>Ill,</strong></span> <span class='ocrx_word' id='word_1_388' title='bbox 1352 1782 1529 1834; x_wconf 87' lang='grc' dir='ltr'>νομίζουσι</span> <span class='ocrx_word' id='word_1_389' title='bbox 1548 1786 1590 1835; x_wconf 84' lang='grc' dir='ltr'><strong>τῇ</strong></span> <span class='ocrx_word' id='word_1_390' title='bbox 1605 1782 1696 1834; x_wconf 83' lang='grc' dir='ltr'>μιξει</span> <span class='ocrx_word' id='word_1_391' title='bbox 1708 1799 1770 1830; x_wconf 85' lang='grc' dir='ltr'><strong>της</strong></span> <span class='ocrx_word' id='word_1_392' title='bbox 1787 1783 1975 1854; x_wconf 83' lang='grc' dir='ltr'>ἀμερίστου</span> <span class='ocrx_word' id='word_1_393' title='bbox 1993 1782 2052 1822; x_wconf 75' lang='grc' dir='ltr'><strong>καὶ</strong></span> <span class='ocrx_word' id='word_1_394' title='bbox 2073 1783 2237 1835; x_wconf 68' lang='grc' dir='ltr'>μεριστῆς</span> <span class='ocrx_word' id='word_1_395' title='bbox 2251 1781 2389 1826; x_wconf 81' lang='grc' dir='ltr'>οὐσίας·</span> 
     </span>
     <span class='ocr_line' id='line_1_28' title="bbox 253 1835 2388 1896; baseline -0.001 -14"><span class='ocrx_word' id='word_1_396' title='bbox 253 1858 340 1896; x_wconf 86' lang='lat' dir='ltr'><strong>pag.</strong></span> <span class='ocrx_word' id='word_1_397' title='bbox 364 1850 411 1893; x_wconf 71' lang='lat'><strong>74</strong></span> <span class='ocrx_word' id='word_1_398' title='bbox 433 1857 513 1894; x_wconf 86' lang='lat' dir='ltr'><strong>seq.</strong></span> <span class='ocrx_word' id='word_1_399' title='bbox 531 1843 594 1882; x_wconf 87' lang='lat' dir='ltr'><strong>ed.</strong></span> <span class='ocrx_word' id='word_1_400' title='bbox 612 1843 727 1883; x_wconf 89' lang='lat' dir='ltr'><strong>Basil.</strong></span> <span class='ocrx_word' id='word_1_401' title='bbox 757 1843 871 1880; x_wconf 80' lang='lat'><strong>1533.</strong></span> <span class='ocrx_word' id='word_1_402' title='bbox 892 1844 948 1883; x_wconf 86' lang='lat' dir='ltr'><strong>Cf.</strong></span> <span class='ocrx_word' id='word_1_403' title='bbox 967 1844 1070 1881; x_wconf 77' lang='lat' dir='ltr'><strong>intel</strong></span> <span class='ocrx_word' id='word_1_404' title='bbox 1071 1857 1111 1894; x_wconf 92' lang='lat' dir='ltr'><strong>p</strong></span> <span class='ocrx_word' id='word_1_405' title='bbox 1134 1844 1200 1884; x_wconf 90' lang='lat' dir='ltr'><strong>lat.</strong></span> <span class='ocrx_word' id='word_1_406' title='bbox 1218 1844 1290 1881; x_wconf 92' lang='lat' dir='ltr'><strong>Pa·</strong></span> <span class='ocrx_word' id='word_1_407' title='bbox 1353 1841 1538 1894; x_wconf 81' lang='grc' dir='ltr'>ἀμέριστον</span> <span class='ocrx_word' id='word_1_408' title='bbox 1552 1841 1619 1892; x_wconf 84' lang='grc' dir='ltr'><strong>μὲν</strong></span> <span class='ocrx_word' id='word_1_409' title='bbox 1645 1842 1711 1894; x_wconf 88' lang='grc' dir='ltr'><strong>γὰρ</strong></span> <span class='ocrx_word' id='word_1_410' title='bbox 1730 1835 1877 1880; x_wconf 72' lang='grc' dir='ltr'>εἶναιτὸ</span> <span class='ocrx_word' id='word_1_411' title='bbox 1904 1842 1958 1889; x_wconf 80' lang='grc' dir='ltr'><strong>ἕν,</strong></span> <span class='ocrx_word' id='word_1_412' title='bbox 1980 1841 2143 1894; x_wconf 77' lang='grc' dir='ltr'>μεριστὸν</span> <span class='ocrx_word' id='word_1_413' title='bbox 2171 1839 2266 1879; x_wconf 81' lang='grc' dir='ltr'>δὲτὸ</span> <span class='ocrx_word' id='word_1_414' title='bbox 2293 1839 2388 1886; x_wconf 80' lang='grc' dir='ltr'>πλῆ-</span> 
     </span>
     <span class='ocr_line' id='line_1_29' title="bbox 253 1900 1289 1953; baseline -0.002 -12"><span class='ocrx_word' id='word_1_415' title='bbox 253 1912 332 1942; x_wconf 88' lang='lat' dir='ltr'><strong>tav.</strong></span> <span class='ocrx_word' id='word_1_416' title='bbox 359 1902 458 1940; x_wconf 84' lang='lat'>1560</span> <span class='ocrx_word' id='word_1_417' title='bbox 471 1915 558 1953; x_wconf 86' lang='lat' dir='ltr'><strong>pag.</strong></span> <span class='ocrx_word' id='word_1_418' title='bbox 580 1901 668 1951; x_wconf 88' lang='lat'><strong>159.</strong></span> <span class='ocrx_word' id='word_1_419' title='bbox 690 1901 809 1940; x_wconf 93' lang='lat' dir='ltr'><strong>Posui</strong></span> <span class='ocrx_word' id='word_1_420' title='bbox 829 1910 953 1940; x_wconf 89' lang='lat' dir='ltr'><strong>autem</strong></span> <span class='ocrx_word' id='word_1_421' title='bbox 976 1902 1048 1953; x_wconf 86' lang='grc' dir='ltr'>ἔχει</span> <span class='ocrx_word' id='word_1_422' title='bbox 1063 1900 1140 1940; x_wconf 85' lang='grc' dir='ltr'>τινὰ</span> <span class='ocrx_word' id='word_1_423' title='bbox 1157 1904 1289 1940; x_wconf 87' lang='grc' dir='ltr'>εὐθεῖαν</span> 
     </span>
     <span class='ocr_line' id='line_1_30' title="bbox 255 1958 1289 2012; baseline -0.001 -13"><span class='ocrx_word' id='word_1_424' title='bbox 255 1960 426 1999; x_wconf 84' lang='grc' dir='ltr'>ἐλάσσονα</span> <span class='ocrx_word' id='word_1_425' title='bbox 453 1972 526 2010; x_wconf 86' lang='lat' dir='ltr'><strong>pro</strong></span> <span class='ocrx_word' id='word_1_426' title='bbox 549 1960 689 1998; x_wconf 89' lang='lat' dir='ltr'><strong>vitiosa</strong></span> <span class='ocrx_word' id='word_1_427' title='bbox 711 1959 888 1998; x_wconf 85' lang='lat' dir='ltr'><strong>codicum</strong></span> <span class='ocrx_word' id='word_1_428' title='bbox 921 1960 1088 1998; x_wconf 82' lang='lat' dir='ltr'><strong>lectione</strong></span> <span class='ocrx_word' id='word_1_429' title='bbox 1121 1958 1196 2012; x_wconf 86' lang='grc' dir='ltr'>ἔχει</span> <span class='ocrx_word' id='word_1_430' title='bbox 1227 1960 1289 2007; x_wconf 86' lang='grc' dir='ltr'><strong>τὴν</strong></span> 
     </span>
     <span class='ocr_line' id='line_1_31' title="bbox 255 2017 1291 2057; baseline 0.001 -1"><span class='ocrx_word' id='word_1_431' title='bbox 255 2020 387 2057; x_wconf 79' lang='grc' dir='ltr'>εὐθεῖαν</span> <span class='ocrx_word' id='word_1_432' title='bbox 416 2017 603 2056; x_wconf 78' lang='grc' dir='ltr'>ἐλάσσονα.</span> <span class='ocrx_word' id='word_1_433' title='bbox 634 2018 717 2056; x_wconf 91' lang='lat' dir='ltr'><strong>Huc</strong></span> <span class='ocrx_word' id='word_1_434' title='bbox 745 2017 970 2056; x_wconf 36' lang='lat' dir='ltr'><strong>1Uefe1endus</strong></span> <span class='ocrx_word' id='word_1_435' title='bbox 998 2018 1151 2057; x_wconf 90' lang='lat' dir='ltr'><strong>videtur</strong></span> <span class='ocrx_word' id='word_1_436' title='bbox 1174 2021 1291 2057; x_wconf 83' lang='lat' dir='ltr'><strong>etiam</strong></span> 
     </span>
     <span class='ocr_line' id='line_1_32' title="bbox 255 2075 1291 2127; baseline 0.001 -13"><span class='ocrx_word' id='word_1_437' title='bbox 255 2077 364 2115; x_wconf 89' lang='lat' dir='ltr'><strong>locus</strong></span> <span class='ocrx_word' id='word_1_438' title='bbox 395 2076 462 2126; x_wconf 88' lang='lat' dir='ltr'><strong>qui</strong></span> <span class='ocrx_word' id='word_1_439' title='bbox 488 2076 631 2125; x_wconf 83' lang='lat' dir='ltr'><strong>Iegitm</strong></span> <span class='ocrx_word' id='word_1_440' title='bbox 652 2076 754 2127; x_wconf 89' lang='lat' dir='ltr'><strong>apud</strong></span> <span class='ocrx_word' id='word_1_441' title='bbox 775 2075 972 2114; x_wconf 87' lang='lat' dir='ltr'><strong>eundem</strong></span> <span class='ocrx_word' id='word_1_442' title='bbox 961 2090 1003 2114; x_wconf 88' lang='grc' dir='ltr'><strong>ιιι</strong></span> <span class='ocrx_word' id='word_1_443' title='bbox 1024 2076 1138 2127; x_wconf 87' lang='lat' dir='ltr'><strong>prim.</strong></span> <span class='ocrx_word' id='word_1_444' title='bbox 1159 2076 1291 2115; x_wconf 90' lang='lat' dir='ltr'><strong>Eucli-</strong></span> 
     </span>
     <span class='ocr_line' id='line_1_33' title="bbox 254 2133 1290 2209; baseline 0.001 -36"><span class='ocrx_word' id='word_1_445' title='bbox 254 2135 315 2173; x_wconf 87' lang='lat' dir='ltr'><strong>‹lis</strong></span> <span class='ocrx_word' id='word_1_446' title='bbox 334 2135 510 2174; x_wconf 87' lang='lat' dir='ltr'><strong>element.</strong></span> <span class='ocrx_word' id='word_1_447' title='bbox 528 2133 598 2173; x_wconf 92' lang='lat' dir='ltr'><strong>lib.</strong></span> <span class='ocrx_word' id='word_1_448' title='bbox 619 2134 672 2182; x_wconf 89' lang='lat' dir='ltr'><strong>ll,</strong></span> <span class='ocrx_word' id='word_1_449' title='bbox 694 2149 719 2184; x_wconf 87' lang='lat'>9</span> <span class='ocrx_word' id='word_1_450' title='bbox 735 2148 821 2209; x_wconf 86' lang='lat' dir='ltr'><strong>pag.</strong></span> <span class='ocrx_word' id='word_1_451' title='bbox 843 2149 894 2184; x_wconf 79' lang='lat'><strong>29</strong></span> <span class='ocrx_word' id='word_1_452' title='bbox 914 2135 975 2175; x_wconf 91' lang='lat' dir='ltr'><strong>ed.</strong></span> <span class='ocrx_word' id='word_1_453' title='bbox 994 2135 1108 2173; x_wconf 81' lang='lat' dir='ltr'><strong>Basil.</strong></span> <span class='ocrx_word' id='word_1_454' title='bbox 1126 2135 1185 2174; x_wconf 77' lang='grc' dir='ltr'><strong>καὶ</strong></span> <span class='ocrx_word' id='word_1_455' title='bbox 1208 2135 1290 2185; x_wconf 88' lang='grc' dir='ltr'>μέν-</span> 
     </span>
     <span class='ocr_line' id='line_1_34' title="bbox 256 2191 1291 2245; baseline 0.003 -14"><span class='ocrx_word' id='word_1_456' title='bbox 256 2208 305 2231; x_wconf 84' lang='grc' dir='ltr'><strong>τοι</strong></span> <span class='ocrx_word' id='word_1_457' title='bbox 333 2195 350 2230; x_wconf 86' lang='grc' dir='ltr'>ὁ</span> <span class='ocrx_word' id='word_1_458' title='bbox 371 2191 610 2244; x_wconf 83' lang='grc' dir='ltr'>Ἀριστοτέλης</span> <span class='ocrx_word' id='word_1_459' title='bbox 630 2192 693 2240; x_wconf 86' lang='grc' dir='ltr'><strong>τὴν</strong></span> <span class='ocrx_word' id='word_1_460' title='bbox 713 2192 820 2240; x_wconf 81' lang='grc' dir='ltr'>αυτὴν</span> <span class='ocrx_word' id='word_1_461' title='bbox 851 2194 925 2245; x_wconf 84' lang='grc' dir='ltr'>ἔχει</span> <span class='ocrx_word' id='word_1_462' title='bbox 947 2196 997 2245; x_wconf 85' lang='grc' dir='ltr'><strong>τῷ</strong></span> <span class='ocrx_word' id='word_1_463' title='bbox 1025 2193 1191 2233; x_wconf 85' lang='grc' dir='ltr'>Πλάτωνι</span> <span class='ocrx_word' id='word_1_464' title='bbox 1215 2196 1291 2235; x_wconf 84' lang='grc' dir='ltr'>διά-</span> 
     </span>
     <span class='ocr_line' id='line_1_35' title="bbox 254 2245 1290 2308; baseline 0.004 -19"><span class='ocrx_word' id='word_1_465' title='bbox 254 2267 361 2291; x_wconf 87' lang='grc' dir='ltr'>νοιαν.</span> <span class='ocrx_word' id='word_1_466' title='bbox 383 2253 464 2290; x_wconf 83' lang='grc' dir='ltr'><strong>Πᾶν</strong></span> <span class='ocrx_word' id='word_1_467' title='bbox 493 2250 560 2303; x_wconf 85' lang='grc' dir='ltr'><strong>γὰρ</strong></span> <span class='ocrx_word' id='word_1_468' title='bbox 579 2245 669 2295; x_wconf 76' lang='grc' dir='ltr'>εἶδος</span> <span class='ocrx_word' id='word_1_469' title='bbox 700 2255 866 2304; x_wconf 77' lang='grc' dir='ltr'>γραμμῆς</span> <span class='ocrx_word' id='word_1_470' title='bbox 893 2252 971 2291; x_wconf 79' lang='grc' dir='ltr'>εὐθύ</span> <span class='ocrx_word' id='word_1_471' title='bbox 1000 2268 1106 2308; x_wconf 83' lang='grc' dir='ltr'>φησιν</span> <span class='ocrx_word' id='word_1_472' title='bbox 1129 2247 1240 2302; x_wconf 73' lang='grc' dir='ltr'>εἶναι,</span> <span class='ocrx_word' id='word_1_473' title='bbox 1267 2253 1290 2301; x_wconf 81' lang='grc' dir='ltr'>ἢ</span> 
     </span>
     <span class='ocr_line' id='line_1_36' title="bbox 254 2309 1289 2364; baseline 0 -14"><span class='ocrx_word' id='word_1_474' title='bbox 254 2310 432 2364; x_wconf 78' lang='grc' dir='ltr'>περιφερές</span> <span class='ocrx_word' id='word_1_475' title='bbox 444 2341 454 2359; x_wconf 92' lang='grc'><strong>,</strong></span> <span class='ocrx_word' id='word_1_476' title='bbox 472 2309 495 2358; x_wconf 84' lang='grc' dir='ltr'>ἢ</span> <span class='ocrx_word' id='word_1_477' title='bbox 511 2310 631 2360; x_wconf 83' lang='grc' dir='ltr'>μικτὸν</span> <span class='ocrx_word' id='word_1_478' title='bbox 646 2312 685 2350; x_wconf 85' lang='grc' dir='ltr'>ἐκ</span> <span class='ocrx_word' id='word_1_479' title='bbox 702 2312 846 2350; x_wconf 79' lang='grc' dir='ltr'>τούτων.</span> <span class='ocrx_word' id='word_1_480' title='bbox 865 2312 930 2351; x_wconf 85' lang='grc' dir='ltr'>-Διὸ</span> <span class='ocrx_word' id='word_1_481' title='bbox 943 2311 1002 2350; x_wconf 75' lang='grc' dir='ltr'><strong>καὶ</strong></span> <span class='ocrx_word' id='word_1_482' title='bbox 1016 2312 1168 2359; x_wconf 87' lang='grc' dir='ltr'>κινήσεις</span> <span class='ocrx_word' id='word_1_483' title='bbox 1183 2317 1289 2364; x_wconf 87' lang='grc' dir='ltr'>τρεῖς,</span> 
     </span>
     <span class='ocr_line' id='line_1_37' title="bbox 254 2367 1290 2425; baseline 0.001 -17"><span class='ocrx_word' id='word_1_484' title='bbox 254 2372 277 2417; x_wconf 86' lang='grc' dir='ltr'>ἡ</span> <span class='ocrx_word' id='word_1_485' title='bbox 299 2370 359 2420; x_wconf 84' lang='grc' dir='ltr'><strong>μὲν</strong></span> <span class='ocrx_word' id='word_1_486' title='bbox 375 2371 430 2408; x_wconf 85' lang='grc' dir='ltr'>ἐπ’</span> <span class='ocrx_word' id='word_1_487' title='bbox 445 2367 595 2416; x_wconf 79' lang='grc' dir='ltr'>εὐθείας,</span> <span class='ocrx_word' id='word_1_488' title='bbox 619 2372 641 2416; x_wconf 84' lang='grc' dir='ltr'>ἡ</span> <span class='ocrx_word' id='word_1_489' title='bbox 659 2369 695 2407; x_wconf 82' lang='grc' dir='ltr'><strong>δὲ</strong></span> <span class='ocrx_word' id='word_1_490' title='bbox 717 2372 854 2422; x_wconf 83' lang='grc' dir='ltr'>κύκλῳ,</span> <span class='ocrx_word' id='word_1_491' title='bbox 870 2372 893 2417; x_wconf 78' lang='grc' dir='ltr'><strong>ἢ</strong></span> <span class='ocrx_word' id='word_1_492' title='bbox 914 2368 950 2408; x_wconf 84' lang='grc' dir='ltr'><strong>δὲ</strong></span> <span class='ocrx_word' id='word_1_493' title='bbox 971 2371 1094 2421; x_wconf 84' lang='grc' dir='ltr'>μικτή.</span> <span class='ocrx_word' id='word_1_494' title='bbox 1111 2375 1290 2425; x_wconf 83' lang='grc' dir='ltr'>Διαμφισ-</span> 
     </span>
     <span class='ocr_line' id='line_1_38' title="bbox 257 2426 1291 2482; baseline 0.002 -16"><span class='ocrx_word' id='word_1_495' title='bbox 257 2428 398 2475; x_wconf 74' lang='grc' dir='ltr'>ὅητοῧσι</span> <span class='ocrx_word' id='word_1_496' title='bbox 421 2426 457 2465; x_wconf 84' lang='grc' dir='ltr'><strong>δέ</strong></span> <span class='ocrx_word' id='word_1_497' title='bbox 478 2442 565 2469; x_wconf 85' lang='grc' dir='ltr'>τινες</span> <span class='ocrx_word' id='word_1_498' title='bbox 581 2427 664 2478; x_wconf 84' lang='grc' dir='ltr'>πρὸς</span> <span class='ocrx_word' id='word_1_499' title='bbox 687 2426 748 2474; x_wconf 81' lang='grc' dir='ltr'><strong>τὴν</strong></span> <span class='ocrx_word' id='word_1_500' title='bbox 770 2427 936 2481; x_wconf 85' lang='grc' dir='ltr'>διαίρεσιν</span> <span class='ocrx_word' id='word_1_501' title='bbox 956 2427 1108 2477; x_wconf 83' lang='grc' dir='ltr'>ταύτην,</span> <span class='ocrx_word' id='word_1_502' title='bbox 1127 2428 1188 2467; x_wconf 87' lang='grc' dir='ltr'><strong>καί</strong></span> <span class='ocrx_word' id='word_1_503' title='bbox 1207 2444 1291 2482; x_wconf 83' lang='grc' dir='ltr'>φασι</span> 
     </span>
     <span class='ocr_line' id='line_1_39' title="bbox 257 2479 1291 2539; baseline 0.001 -15.027"><span class='ocrx_word' id='word_1_504' title='bbox 257 2487 305 2536; x_wconf 87' lang='grc' dir='ltr'><strong>μὴ</strong></span> <span class='ocrx_word' id='word_1_505' title='bbox 327 2486 387 2524; x_wconf 87' lang='grc' dir='ltr'><strong>δύο</strong></span> <span class='ocrx_word' id='word_1_506' title='bbox 416 2485 521 2536; x_wconf 84' lang='grc' dir='ltr'>μόνας</span> <span class='ocrx_word' id='word_1_507' title='bbox 545 2479 632 2523; x_wconf 71' lang='grc' dir='ltr'>εἶναι</span> <span class='ocrx_word' id='word_1_508' title='bbox 661 2485 723 2529; x_wconf 83' lang='grc' dir='ltr'><strong>τὰς</strong></span> <span class='ocrx_word' id='word_1_509' title='bbox 747 2486 862 2529; x_wconf 80' lang='grc' dir='ltr'>ἁπλᾶς</span> <span class='ocrx_word' id='word_1_510' title='bbox 892 2486 1076 2539; x_wconf 78' lang='grc' dir='ltr'>γραμμάς,</span> <span class='ocrx_word' id='word_1_511' title='bbox 1111 2487 1200 2525; x_wconf 88' lang='grc' dir='ltr'>ἀλλὰ</span> <span class='ocrx_word' id='word_1_512' title='bbox 1232 2487 1291 2526; x_wconf 75' lang='grc' dir='ltr'><strong>καὶ</strong></span> 
     </span>
    </p>
   </div>
   <div class='ocr_carea' id='block_1_5' title="bbox 1350 1898 2426 2540">
    <p class='ocr_par' dir='ltr' id='par_1_5' title="bbox 1350 1898 2426 2410">
     <span class='ocr_line' id='line_1_40' title="bbox 1353 1898 2389 1953; baseline -0.002 -13"><span class='ocrx_word' id='word_1_513' title='bbox 1353 1904 1431 1951; x_wconf 89' lang='grc' dir='ltr'>θος,</span> <span class='ocrx_word' id='word_1_514' title='bbox 1471 1902 1510 1938; x_wconf 85' lang='grc' dir='ltr'>ἐκ</span> <span class='ocrx_word' id='word_1_515' title='bbox 1545 1899 1581 1939; x_wconf 84' lang='grc' dir='ltr'><strong>δὲ</strong></span> <span class='ocrx_word' id='word_1_516' title='bbox 1612 1899 1743 1938; x_wconf 84' lang='grc' dir='ltr'>τούτων</span> <span class='ocrx_word' id='word_1_517' title='bbox 1765 1900 1920 1953; x_wconf 90' lang='grc' dir='ltr'>γίνεσθαι</span> <span class='ocrx_word' id='word_1_518' title='bbox 1946 1899 2004 1940; x_wconf 84' lang='grc' dir='ltr'><strong>τὸν</strong></span> <span class='ocrx_word' id='word_1_519' title='bbox 2034 1899 2202 1953; x_wconf 84' lang='grc' dir='ltr'>ἀριθμόν,</span> <span class='ocrx_word' id='word_1_520' title='bbox 2232 1901 2294 1938; x_wconf 66' lang='grc' dir='ltr'><strong>τοῦ</strong></span> <span class='ocrx_word' id='word_1_521' title='bbox 2316 1898 2389 1943; x_wconf 66' lang='lat' dir='ltr'><strong>{voc</strong></span> 
     </span>
     <span class='ocr_line' id='line_1_41' title="bbox 1357 1957 2388 2012; baseline 0.001 -15"><span class='ocrx_word' id='word_1_522' title='bbox 1357 1958 1526 2010; x_wconf 81' lang='grc' dir='ltr'>ὁρίζοντος</span> <span class='ocrx_word' id='word_1_523' title='bbox 1544 1957 1584 1996; x_wconf 87' lang='grc' dir='ltr'><strong>τὸ</strong></span> <span class='ocrx_word' id='word_1_524' title='bbox 1597 1959 1746 2006; x_wconf 86' lang='grc' dir='ltr'>πληθος,</span> <span class='ocrx_word' id='word_1_525' title='bbox 1766 1958 1826 1997; x_wconf 80' lang='grc' dir='ltr'><strong>καὶ</strong></span> <span class='ocrx_word' id='word_1_526' title='bbox 1841 1961 1884 2011; x_wconf 84' lang='grc' dir='ltr'><strong>τῇ</strong></span> <span class='ocrx_word' id='word_1_527' title='bbox 1904 1959 2046 2011; x_wconf 76' lang='grc' dir='ltr'>ἀπειρίᾳ</span> <span class='ocrx_word' id='word_1_528' title='bbox 2061 1974 2106 1997; x_wconf 87' lang='grc' dir='ltr'><strong>πε</strong></span> <span class='ocrx_word' id='word_1_529' title='bbox 2091 1958 2169 2012; x_wconf 69' lang='grc' dir='ltr'>ζρας</span> <span class='ocrx_word' id='word_1_530' title='bbox 2188 1958 2388 2010; x_wconf 80' lang='grc' dir='ltr'>ἐντιθέντος,</span> 
     </span>
     <span class='ocr_line' id='line_1_42' title="bbox 1352 2015 2390 2069; baseline 0.001 -14"><span class='ocrx_word' id='word_1_531' title='bbox 1352 2017 1395 2065; x_wconf 82' lang='grc' dir='ltr'><strong>ἣν</strong></span> <span class='ocrx_word' id='word_1_532' title='bbox 1412 2018 1471 2056; x_wconf 87' lang='grc' dir='ltr'><strong>καὶ</strong></span> <span class='ocrx_word' id='word_1_533' title='bbox 1494 2016 1603 2055; x_wconf 85' lang='grc' dir='ltr'>δυάδα</span> <span class='ocrx_word' id='word_1_534' title='bbox 1623 2017 1786 2055; x_wconf 80' lang='grc' dir='ltr'>καλοῦσιν</span> <span class='ocrx_word' id='word_1_535' title='bbox 1808 2016 1979 2069; x_wconf 89' lang='grc' dir='ltr'>ἀόριστον.</span> <span class='ocrx_word' id='word_1_536' title='bbox 1997 2038 2053 2048; x_wconf 90' lang='lat'><em>-</em></span> <span class='ocrx_word' id='word_1_537' title='bbox 2070 2017 2202 2056; x_wconf 80' lang='grc' dir='ltr'>Τοῦτον</span> <span class='ocrx_word' id='word_1_538' title='bbox 2223 2015 2260 2056; x_wconf 85' lang='grc' dir='ltr'><strong>δὲ</strong></span> <span class='ocrx_word' id='word_1_539' title='bbox 2281 2017 2390 2069; x_wconf 83' lang='grc' dir='ltr'>μήπω</span> 
     </span>
     <span class='ocr_line' id='line_1_43' title="bbox 1351 2075 2390 2129; baseline 0.002 -15"><span class='ocrx_word' id='word_1_540' title='bbox 1351 2075 1467 2129; x_wconf 80' lang='grc' dir='ltr'>ψυχὴν</span> <span class='ocrx_word' id='word_1_541' title='bbox 1488 2076 1542 2114; x_wconf 78' lang='grc' dir='ltr'><strong>τὸν</strong></span> <span class='ocrx_word' id='word_1_542' title='bbox 1565 2075 1708 2128; x_wconf 82' lang='grc' dir='ltr'>ἀριθμὸν</span> <span class='ocrx_word' id='word_1_543' title='bbox 1728 2079 1816 2115; x_wconf 81' lang='grc' dir='ltr'>εἶναι</span> <span class='ocrx_word' id='word_1_544' title='bbox 1833 2105 1844 2123; x_wconf 91' lang='grc'><strong>,</strong></span> <span class='ocrx_word' id='word_1_545' title='bbox 1865 2075 1904 2116; x_wconf 87' lang='grc' dir='ltr'><strong>τὸ</strong></span> <span class='ocrx_word' id='word_1_546' title='bbox 1921 2076 1988 2128; x_wconf 85' lang='grc' dir='ltr'><strong>γὰρ</strong></span> <span class='ocrx_word' id='word_1_547' title='bbox 2006 2076 2179 2125; x_wconf 83' lang='grc' dir='ltr'>κινητικὸν</span> <span class='ocrx_word' id='word_1_548' title='bbox 2195 2075 2255 2115; x_wconf 81' lang='grc' dir='ltr'><strong>καὶ</strong></span> <span class='ocrx_word' id='word_1_549' title='bbox 2273 2076 2313 2116; x_wconf 83' lang='grc' dir='ltr'><strong>τὸ</strong></span> <span class='ocrx_word' id='word_1_550' title='bbox 2333 2092 2390 2116; x_wconf 80' lang='grc' dir='ltr'><strong>κι-</strong></span> 
     </span>
     <span class='ocr_line' id='line_1_44' title="bbox 1350 2134 2387 2188; baseline 0.003 -15"><span class='ocrx_word' id='word_1_551' title='bbox 1350 2134 1453 2183; x_wconf 88' lang='grc' dir='ltr'>νητὸν</span> <span class='ocrx_word' id='word_1_552' title='bbox 1473 2135 1578 2173; x_wconf 85' lang='grc' dir='ltr'>ἐνδεῖν</span> <span class='ocrx_word' id='word_1_553' title='bbox 1601 2136 1715 2187; x_wconf 87' lang='grc' dir='ltr'>αὖτῳ·</span> <span class='ocrx_word' id='word_1_554' title='bbox 1737 2151 1796 2174; x_wconf 85' lang='grc' dir='ltr'><strong>του</strong></span> <span class='ocrx_word' id='word_1_555' title='bbox 1812 2135 1848 2174; x_wconf 86' lang='grc' dir='ltr'><strong>δὲ</strong></span> <span class='ocrx_word' id='word_1_556' title='bbox 1867 2139 1993 2174; x_wconf 80' lang='grc' dir='ltr'>ταυτοῦ</span> <span class='ocrx_word' id='word_1_557' title='bbox 2013 2135 2073 2175; x_wconf 73' lang='grc' dir='ltr'><strong>καὶ</strong></span> <span class='ocrx_word' id='word_1_558' title='bbox 2086 2151 2147 2176; x_wconf 86' lang='grc' dir='ltr'><strong>του</strong></span> <span class='ocrx_word' id='word_1_559' title='bbox 2167 2135 2284 2188; x_wconf 80' lang='grc' dir='ltr'>ἑτέρου</span> <span class='ocrx_word' id='word_1_560' title='bbox 2300 2152 2387 2187; x_wconf 84' lang='grc' dir='ltr'>συμ·</span> 
     </span>
     <span class='ocr_line' id='line_1_45' title="bbox 1353 2188 2387 2248; baseline 0.001 -15"><span class='ocrx_word' id='word_1_561' title='bbox 1353 2194 1540 2247; x_wconf 84' lang='grc' dir='ltr'>μιγέντων,</span> <span class='ocrx_word' id='word_1_562' title='bbox 1558 2188 1606 2233; x_wconf 69' lang='grc' dir='ltr'><strong>ὧν</strong></span> <span class='ocrx_word' id='word_1_563' title='bbox 1629 2193 1666 2231; x_wconf 83' lang='grc' dir='ltr'><strong>τὸ</strong></span> <span class='ocrx_word' id='word_1_564' title='bbox 1688 2194 1750 2245; x_wconf 85' lang='grc' dir='ltr'><strong>μέν</strong></span> <span class='ocrx_word' id='word_1_565' title='bbox 1767 2196 1840 2233; x_wconf 84' lang='grc' dir='ltr'>ἐστι</span> <span class='ocrx_word' id='word_1_566' title='bbox 1859 2195 2026 2241; x_wconf 86' lang='grc' dir='ltr'>κινήσεως</span> <span class='ocrx_word' id='word_1_567' title='bbox 2044 2194 2134 2248; x_wconf 81' lang='grc' dir='ltr'>ἀρχὴ</span> <span class='ocrx_word' id='word_1_568' title='bbox 2156 2194 2216 2233; x_wconf 82' lang='grc' dir='ltr'><strong>καὶ</strong></span> <span class='ocrx_word' id='word_1_569' title='bbox 2237 2194 2387 2247; x_wconf 79' lang='grc' dir='ltr'>μεταὸο-</span> 
     </span>
     <span class='ocr_line' id='line_1_46' title="bbox 1352 2248 2426 2306; baseline 0 -14"><span class='ocrx_word' id='word_1_570' title='bbox 1352 2255 1433 2302; x_wconf 76' lang='grc' dir='ltr'>λῆς,</span> <span class='ocrx_word' id='word_1_571' title='bbox 1454 2253 1494 2292; x_wconf 84' lang='grc' dir='ltr'><strong>τὸ</strong></span> <span class='ocrx_word' id='word_1_572' title='bbox 1515 2251 1550 2292; x_wconf 82' lang='grc' dir='ltr'><strong>δὲ</strong></span> <span class='ocrx_word' id='word_1_573' title='bbox 1571 2269 1696 2304; x_wconf 86' lang='grc' dir='ltr'>μονης,</span> <span class='ocrx_word' id='word_1_574' title='bbox 1718 2252 1834 2306; x_wconf 82' lang='grc' dir='ltr'>ψυχὴν</span> <span class='ocrx_word' id='word_1_575' title='bbox 1850 2252 2047 2306; x_wconf 86' lang='grc' dir='ltr'>γεγονέναι,</span> <span class='ocrx_word' id='word_1_576' title='bbox 2071 2252 2177 2305; x_wconf 83' lang='grc' dir='ltr'>μηδὲν</span> <span class='ocrx_word' id='word_1_577' title='bbox 2206 2248 2310 2301; x_wconf 73' lang='grc' dir='ltr'>ἧττον</span> <span class='ocrx_word' id='word_1_578' title='bbox 2328 2257 2387 2292; x_wconf 73' lang='grc' dir='ltr'><strong>τοῦ</strong></span> <span class='ocrx_word' id='word_1_579' title='bbox 2424 2254 2426 2256; x_wconf 60' lang='grc'>’</span> 
     </span>
     <span class='ocr_line' id='line_1_47' title="bbox 1351 2310 2387 2364; baseline -0.001 -13"><span class='ocrx_word' id='word_1_580' title='bbox 1351 2311 1490 2351; x_wconf 77' lang='grc' dir='ltr'>ἱστάναι</span> <span class='ocrx_word' id='word_1_581' title='bbox 1511 2312 1571 2351; x_wconf 80' lang='grc' dir='ltr'><strong>καὶ</strong></span> <span class='ocrx_word' id='word_1_582' title='bbox 1589 2310 1754 2352; x_wconf 75' lang='grc' dir='ltr'>ἵστασθαι</span> <span class='ocrx_word' id='word_1_583' title='bbox 1772 2311 1918 2364; x_wconf 89' lang='grc' dir='ltr'>δύναμιν</span> <span class='ocrx_word' id='word_1_584' title='bbox 1933 2311 1955 2360; x_wconf 82' lang='grc' dir='ltr'>ἢ</span> <span class='ocrx_word' id='word_1_585' title='bbox 1977 2327 2037 2351; x_wconf 85' lang='grc' dir='ltr'><strong>του</strong></span> <span class='ocrx_word' id='word_1_586' title='bbox 2058 2314 2227 2352; x_wconf 87' lang='grc' dir='ltr'>κινεῖσθαι</span> <span class='ocrx_word' id='word_1_587' title='bbox 2245 2327 2306 2350; x_wconf 86' lang='grc' dir='ltr'><strong>και</strong></span> <span class='ocrx_word' id='word_1_588' title='bbox 2325 2327 2387 2350; x_wconf 90' lang='grc' dir='ltr'><strong>κι-</strong></span> 
     </span>
     <span class='ocr_line' id='line_1_48' title="bbox 1352 2365 1562 2412; baseline -0.005 -2"><span class='ocrx_word' id='word_1_589' title='bbox 1352 2373 1420 2410; x_wconf 88' lang='grc' dir='ltr'>νεῖν</span> <span class='ocrx_word' id='word_1_590' title='bbox 1444 2365 1562 2412; x_wconf 90' lang='grc' dir='ltr'>ουσαν.</span> 
     </span>
    </p>

    <p class='ocr_par' dir='ltr' id='par_1_6' title="bbox 1353 2428 2386 2540">
     <span class='ocr_line' id='line_1_49' title="bbox 1408 2428 2383 2482; baseline -0.001 -14"><span class='ocrx_word' id='word_1_591' title='bbox 1408 2428 1420 2482; x_wconf 91' lang='grc'><strong>(</strong></span> <span class='ocrx_word' id='word_1_592' title='bbox 1443 2430 1674 2468; x_wconf 84' lang='lat' dir='ltr'><strong>Plutarchus</strong></span> <span class='ocrx_word' id='word_1_593' title='bbox 1725 2430 1772 2468; x_wconf 91' lang='lat' dir='ltr'><strong>de</strong></span> <span class='ocrx_word' id='word_1_594' title='bbox 1827 2430 1944 2468; x_wconf 84' lang='lat' dir='ltr'><strong>anim.</strong></span> <span class='ocrx_word' id='word_1_595' title='bbox 1982 2429 2120 2469; x_wconf 88' lang='lat' dir='ltr'><strong>Procr.</strong></span> <span class='ocrx_word' id='word_1_596' title='bbox 2162 2442 2247 2480; x_wconf 90' lang='lat' dir='ltr'><strong>cap.</strong></span> <span class='ocrx_word' id='word_1_597' title='bbox 2298 2443 2383 2470; x_wconf 74' lang='lat'><strong>1-2.</strong></span> 
     </span>
     <span class='ocr_line' id='line_1_50' title="bbox 1353 2487 2386 2540; baseline 0 -14"><span class='ocrx_word' id='word_1_598' title='bbox 1353 2488 1435 2527; x_wconf 88' lang='lat' dir='ltr'><strong>vol.</strong></span> <span class='ocrx_word' id='word_1_599' title='bbox 1458 2487 1567 2536; x_wconf 90' lang='lat' dir='ltr'>XIII,</span> <span class='ocrx_word' id='word_1_600' title='bbox 1587 2501 1675 2540; x_wconf 85' lang='lat' dir='ltr'><strong>pag.</strong></span> <span class='ocrx_word' id='word_1_601' title='bbox 1710 2489 1784 2535; x_wconf 75' lang='lat'><strong>287</strong></span> <span class='ocrx_word' id='word_1_602' title='bbox 1818 2501 1900 2538; x_wconf 87' lang='lat' dir='ltr'><strong>seq.</strong></span> <span class='ocrx_word' id='word_1_603' title='bbox 1929 2488 1992 2527; x_wconf 91' lang='lat' dir='ltr'><strong>ed.</strong></span> <span class='ocrx_word' id='word_1_604' title='bbox 2015 2487 2173 2526; x_wconf 85' lang='lat' dir='ltr'><strong>Ilutten.</strong></span> <span class='ocrx_word' id='word_1_605' title='bbox 2198 2487 2386 2529; x_wconf 81' lang='lat' dir='ltr'><strong>Caeterum</strong></span> 
     </span>
    </p>
   </div>
   <div class='ocr_carea' id='block_1_6' title="bbox 249 2673 2390 3484">
    <p class='ocr_par' dir='ltr' id='par_1_7' title="bbox 249 2673 2390 3484">
     <span class='ocr_line' id='line_1_51' title="bbox 255 2673 2385 2717; baseline -0.001 -10"><span class='ocrx_word' id='word_1_606' title='bbox 255 2674 391 2707; x_wconf 85' lang='lat' dir='ltr'><strong>Zenonis</strong></span> <span class='ocrx_word' id='word_1_607' title='bbox 413 2673 750 2714; x_wconf 66' lang='lat' dir='ltr'><strong>argumentationem</strong></span> <span class='ocrx_word' id='word_1_608' title='bbox 769 2674 856 2715; x_wconf 91' lang='lat' dir='ltr'><strong>quod</strong></span> <span class='ocrx_word' id='word_1_609' title='bbox 882 2683 942 2707; x_wconf 85' lang='lat' dir='ltr'><strong>cur</strong></span> <span class='ocrx_word' id='word_1_610' title='bbox 964 2675 1095 2716; x_wconf 82' lang='lat' dir='ltr'><strong>fecerit,</strong></span> <span class='ocrx_word' id='word_1_611' title='bbox 1120 2677 1284 2717; x_wconf 83' lang='lat' dir='ltr'><strong>apparet.</strong></span> <span class='ocrx_word' id='word_1_612' title='bbox 1391 2678 1445 2710; x_wconf 84' lang='lat'><strong>30.</strong></span> <span class='ocrx_word' id='word_1_613' title='bbox 1464 2675 1527 2708; x_wconf 89' lang='lat' dir='ltr'><strong>Sed</strong></span> <span class='ocrx_word' id='word_1_614' title='bbox 1544 2674 1695 2716; x_wconf 84' lang='lat' dir='ltr'><strong>quoniam</strong></span> <span class='ocrx_word' id='word_1_615' title='bbox 1712 2673 2056 2716; x_wconf 79' lang='lat' dir='ltr'><strong>praestantissimorum</strong></span> <span class='ocrx_word' id='word_1_616' title='bbox 2067 2673 2214 2706; x_wconf 87' lang='lat' dir='ltr'><strong>virorum</strong></span> <span class='ocrx_word' id='word_1_617' title='bbox 2226 2673 2385 2714; x_wconf 84' lang='lat' dir='ltr'><strong>quosdam</strong></span> 
     </span>
     <span class='ocr_line' id='line_1_52' title="bbox 254 2732 2385 2775; baseline 0 -10"><span class='ocrx_word' id='word_1_618' title='bbox 254 2733 405 2774; x_wconf 88' lang='lat' dir='ltr'><strong>quoniam</strong></span> <span class='ocrx_word' id='word_1_619' title='bbox 417 2733 557 2764; x_wconf 84' lang='lat' dir='ltr'><strong>sumtam</strong></span> <span class='ocrx_word' id='word_1_620' title='bbox 568 2732 844 2773; x_wconf 81' lang='lat' dir='ltr'><strong>magnitudinem</strong></span> <span class='ocrx_word' id='word_1_621' title='bbox 835 2742 870 2765; x_wconf 90' lang='grc' dir='ltr'><strong>ιιι</strong></span> <span class='ocrx_word' id='word_1_622' title='bbox 889 2733 971 2766; x_wconf 86' lang='lat' dir='ltr'><strong>duas</strong></span> <span class='ocrx_word' id='word_1_623' title='bbox 984 2734 1096 2775; x_wconf 82' lang='lat' dir='ltr'><strong>partes</strong></span> <span class='ocrx_word' id='word_1_624' title='bbox 1116 2732 1288 2767; x_wconf 83' lang='lat' dir='ltr'><strong>dividebat</strong></span> <span class='ocrx_word' id='word_1_625' title='bbox 1350 2735 1546 2767; x_wconf 86' lang='lat' dir='ltr'><strong>Xenocrates</strong></span> <span class='ocrx_word' id='word_1_626' title='bbox 1568 2733 1632 2767; x_wconf 89' lang='lat' dir='ltr'><strong>sibi</strong></span> <span class='ocrx_word' id='word_1_627' title='bbox 1659 2732 1852 2772; x_wconf 84' lang='lat' dir='ltr'><strong>conciliavit,</strong></span> <span class='ocrx_word' id='word_1_628' title='bbox 1881 2732 1998 2765; x_wconf 66' lang='lat' dir='ltr'><strong>animai</strong></span> <span class='ocrx_word' id='word_1_629' title='bbox 2033 2734 2184 2765; x_wconf 82' lang='lat' dir='ltr'><strong>naturam</strong></span> <span class='ocrx_word' id='word_1_630' title='bbox 2212 2740 2385 2766; x_wconf 89' lang='lat' dir='ltr'><strong>numerum</strong></span> 
     </span>
     <span class='ocr_line' id='line_1_53' title="bbox 254 2789 2382 2835; baseline -0 -11"><span class='ocrx_word' id='word_1_631' title='bbox 254 2793 353 2833; x_wconf 87' lang='lat' dir='ltr'><strong>atque</strong></span> <span class='ocrx_word' id='word_1_632' title='bbox 373 2791 421 2823; x_wconf 88' lang='lat' dir='ltr'><strong>ita</strong></span> <span class='ocrx_word' id='word_1_633' title='bbox 437 2798 509 2823; x_wconf 89' lang='lat' dir='ltr'><strong>rem</strong></span> <span class='ocrx_word' id='word_1_634' title='bbox 530 2789 783 2824; x_wconf 80' lang='lat' dir='ltr'><strong>demonstrabat</strong></span> <span class='ocrx_word' id='word_1_635' title='bbox 1349 2792 1460 2826; x_wconf 79' lang='lat' dir='ltr'><strong>dicens</strong></span> <span class='ocrx_word' id='word_1_636' title='bbox 1479 2793 1536 2835; x_wconf 89' lang='lat' dir='ltr'><strong>qui</strong></span> <span class='ocrx_word' id='word_1_637' title='bbox 1563 2802 1583 2825; x_wconf 88' lang='lat' dir='ltr'><strong>a</strong></span> <span class='ocrx_word' id='word_1_638' title='bbox 1601 2801 1637 2825; x_wconf 92' lang='lat' dir='ltr'><strong>se</strong></span> <span class='ocrx_word' id='word_1_639' title='bbox 1660 2792 1728 2834; x_wconf 89' lang='lat' dir='ltr'><strong>ipso</strong></span> <span class='ocrx_word' id='word_1_640' title='bbox 1746 2794 1928 2824; x_wconf 86' lang='lat' dir='ltr'><strong>moveatur.</strong></span> <span class='ocrx_word' id='word_1_641' title='bbox 1957 2808 2001 2816; x_wconf 89' lang='lat'>—</span> <span class='ocrx_word' id='word_1_642' title='bbox 2027 2791 2069 2823; x_wconf 89' lang='lat' dir='ltr'><strong>Hi</strong></span> <span class='ocrx_word' id='word_1_643' title='bbox 2085 2791 2175 2824; x_wconf 90' lang='lat' dir='ltr'><strong>enim</strong></span> <span class='ocrx_word' id='word_1_644' title='bbox 2191 2790 2274 2823; x_wconf 86' lang='lat' dir='ltr'><strong>nibil</strong></span> <span class='ocrx_word' id='word_1_645' title='bbox 2292 2790 2382 2824; x_wconf 77' lang='lat' dir='ltr'><strong>aliud</strong></span> 
     </span>
     <span class='ocr_line' id='line_1_54' title="bbox 255 2847 2389 2892; baseline -0.002 -9"><span class='ocrx_word' id='word_1_646' title='bbox 255 2861 258 2869; x_wconf 68' lang='lat'><strong>⁴</strong></span> <span class='ocrx_word' id='word_1_647' title='bbox 298 2853 348 2883; x_wconf 86' lang='lat'><strong>27.</strong></span> <span class='ocrx_word' id='word_1_648' title='bbox 363 2849 513 2882; x_wconf 83' lang='lat' dir='ltr'><strong>Diximus</strong></span> <span class='ocrx_word' id='word_1_649' title='bbox 539 2850 638 2882; x_wconf 90' lang='lat' dir='ltr'><strong>etiam</strong></span> <span class='ocrx_word' id='word_1_650' title='bbox 655 2850 687 2882; x_wconf 89' lang='lat' dir='ltr'><strong>in</strong></span> <span class='ocrx_word' id='word_1_651' title='bbox 708 2850 814 2891; x_wconf 90' lang='lat' dir='ltr'><strong>primo</strong></span> <span class='ocrx_word' id='word_1_652' title='bbox 832 2849 926 2889; x_wconf 89' lang='lat' dir='ltr'><strong>libro,</strong></span> <span class='ocrx_word' id='word_1_653' title='bbox 950 2851 1119 2883; x_wconf 89' lang='lat' dir='ltr'><strong>nonnullos</strong></span> <span class='ocrx_word' id='word_1_654' title='bbox 1139 2851 1285 2892; x_wconf 81' lang='lat' dir='ltr'><strong>suspica·</strong></span> <span class='ocrx_word' id='word_1_655' title='bbox 1348 2851 1488 2884; x_wconf 88' lang='lat' dir='ltr'><strong>animam</strong></span> <span class='ocrx_word' id='word_1_656' title='bbox 1506 2850 1640 2892; x_wconf 76' lang='lat' dir='ltr'><strong>intelligi</strong></span> <span class='ocrx_word' id='word_1_657' title='bbox 1651 2850 1766 2883; x_wconf 91' lang='lat' dir='ltr'><strong>debere</strong></span> <span class='ocrx_word' id='word_1_658' title='bbox 1782 2852 1907 2892; x_wconf 71' lang='lat' dir='ltr'><strong>putant,</strong></span> <span class='ocrx_word' id='word_1_659' title='bbox 1927 2858 2027 2891; x_wconf 82' lang='lat' dir='ltr'><strong>quam</strong></span> <span class='ocrx_word' id='word_1_660' title='bbox 2041 2850 2152 2883; x_wconf 84' lang='lat' dir='ltr'><strong>ortum</strong></span> <span class='ocrx_word' id='word_1_661' title='bbox 2163 2847 2290 2882; x_wconf 86' lang='lat' dir='ltr'><strong>numeri</strong></span> <span class='ocrx_word' id='word_1_662' title='bbox 2302 2848 2389 2883; x_wconf 68' lang='lat' dir='ltr'><strong>mix-</strong></span> 
     </span>
     <span class='ocr_line' id='line_1_55' title="bbox 257 2907 2390 2952; baseline -0.002 -8"><span class='ocrx_word' id='word_1_663' title='bbox 257 2914 308 2944; x_wconf 91' lang='lat' dir='ltr'><strong>tos</strong></span> <span class='ocrx_word' id='word_1_664' title='bbox 342 2920 414 2944; x_wconf 88' lang='lat' dir='ltr'><strong>esse</strong></span> <span class='ocrx_word' id='word_1_665' title='bbox 447 2913 660 2945; x_wconf 81' lang='lat' dir='ltr'><strong>xenocratem</strong></span> <span class='ocrx_word' id='word_1_666' title='bbox 689 2910 878 2942; x_wconf 82' lang='lat' dir='ltr'><strong>insecabiles</strong></span> <span class='ocrx_word' id='word_1_667' title='bbox 909 2910 1010 2944; x_wconf 84' lang='lat' dir='ltr'><strong>lineas</strong></span> <span class='ocrx_word' id='word_1_668' title='bbox 1046 2910 1285 2952; x_wconf 82' lang='lat' dir='ltr'><strong>introduxisse,</strong></span> <span class='ocrx_word' id='word_1_669' title='bbox 1349 2912 1436 2944; x_wconf 81' lang='lat' dir='ltr'><strong>tione</strong></span> <span class='ocrx_word' id='word_1_670' title='bbox 1461 2910 1636 2944; x_wconf 72' lang='lat' dir='ltr'><strong>individuae</strong></span> <span class='ocrx_word' id='word_1_671' title='bbox 1649 2912 1684 2943; x_wconf 88' lang='lat' dir='ltr'><strong>et</strong></span> <span class='ocrx_word' id='word_1_672' title='bbox 1707 2909 1851 2942; x_wconf 78' lang='lat' dir='ltr'><strong>dividuae</strong></span> <span class='ocrx_word' id='word_1_673' title='bbox 1867 2910 1992 2941; x_wconf 82' lang='lat' dir='ltr'><strong>naturae</strong></span> <span class='ocrx_word' id='word_1_674' title='bbox 2016 2908 2125 2950; x_wconf 77' lang='lat' dir='ltr'><strong>geniti.</strong></span> <span class='ocrx_word' id='word_1_675' title='bbox 2145 2908 2312 2940; x_wconf 85' lang='lat' dir='ltr'><strong>Unitatem</strong></span> <span class='ocrx_word' id='word_1_676' title='bbox 2330 2907 2383 2940; x_wconf 84' lang='lat' dir='ltr'><strong>ni·</strong></span> <span class='ocrx_word' id='word_1_677' title='bbox 2387 2931 2390 2935; x_wconf 89' lang='lat'><strong>.</strong></span> 
     </span>
     <span class='ocr_line' id='line_1_56' title="bbox 254 2965 2382 3014; baseline -0.002 -10"><span class='ocrx_word' id='word_1_678' title='bbox 254 2980 392 3013; x_wconf 79' lang='lat' dir='ltr'><strong>eamque</strong></span> <span class='ocrx_word' id='word_1_679' title='bbox 411 2971 629 3014; x_wconf 85' lang='lat' dir='ltr'><strong>suspicionem</strong></span> <span class='ocrx_word' id='word_1_680' title='bbox 648 2969 761 3002; x_wconf 82' lang='lat' dir='ltr'><strong>falsam</strong></span> <span class='ocrx_word' id='word_1_681' title='bbox 781 2978 853 3002; x_wconf 89' lang='lat' dir='ltr'><strong>esse</strong></span> <span class='ocrx_word' id='word_1_682' title='bbox 871 2969 1084 3002; x_wconf 82' lang='lat' dir='ltr'><strong>ostendimus</strong></span> <span class='ocrx_word' id='word_1_683' title='bbox 1349 2970 1469 3003; x_wconf 85' lang='grc' dir='ltr'>ιιιίιιιιιι</span> <span class='ocrx_word' id='word_1_684' title='bbox 1482 2979 1555 3003; x_wconf 89' lang='lat' dir='ltr'><strong>esse</strong></span> <span class='ocrx_word' id='word_1_685' title='bbox 1568 2969 1771 3003; x_wconf 90' lang='lat' dir='ltr'><strong>individuam</strong></span> <span class='ocrx_word' id='word_1_686' title='bbox 1791 2968 1969 3008; x_wconf 88' lang='lat' dir='ltr'><strong>dividuam,</strong></span> <span class='ocrx_word' id='word_1_687' title='bbox 1990 2967 2255 3000; x_wconf 76' lang='lat' dir='ltr'><strong>multitudinem:</strong></span> <span class='ocrx_word' id='word_1_688' title='bbox 2268 2975 2310 3000; x_wconf 86' lang='lat' dir='ltr'><strong>ex</strong></span> <span class='ocrx_word' id='word_1_689' title='bbox 2329 2965 2382 2999; x_wconf 81' lang='lat' dir='ltr'><strong>his</strong></span> 
     </span>
     <span class='ocr_line' id='line_1_57' title="bbox 249 3028 1287 3071; baseline -0.001 -8"><span class='ocrx_word' id='word_1_690' title='bbox 249 3030 252 3036; x_wconf 89' lang='grc'><em>“</em></span> <span class='ocrx_word' id='word_1_691' title='bbox 295 3034 347 3063; x_wconf 84' lang='lat'><strong>28.</strong></span> <span class='ocrx_word' id='word_1_692' title='bbox 371 3030 600 3071; x_wconf 84' lang='lat' dir='ltr'><strong>Redarguatur</strong></span> <span class='ocrx_word' id='word_1_693' title='bbox 632 3029 743 3061; x_wconf 86' lang='lat' dir='ltr'><strong>autem</strong></span> <span class='ocrx_word' id='word_1_694' title='bbox 776 3029 838 3060; x_wconf 88' lang='lat' dir='ltr'><strong>hoc</strong></span> <span class='ocrx_word' id='word_1_695' title='bbox 862 3028 1065 3069; x_wconf 84' lang='lat' dir='ltr'><strong>problemate</strong></span> <span class='ocrx_word' id='word_1_696' title='bbox 1098 3030 1287 3062; x_wconf 79' lang='lat' dir='ltr'><strong>Xenocratis</strong></span> 
     </span>
     <span class='ocr_line' id='line_1_58' title="bbox 256 3087 1286 3130; baseline -0.001 -8"><span class='ocrx_word' id='word_1_697' title='bbox 256 3090 351 3122; x_wconf 80' lang='lat' dir='ltr'><strong>etiam</strong></span> <span class='ocrx_word' id='word_1_698' title='bbox 367 3088 544 3130; x_wconf 88' lang='lat' dir='ltr'><strong>disputatio</strong></span> <span class='ocrx_word' id='word_1_699' title='bbox 556 3088 747 3121; x_wconf 85' lang='lat' dir='ltr'><strong>insecabiles</strong></span> <span class='ocrx_word' id='word_1_700' title='bbox 762 3087 863 3119; x_wconf 88' lang='lat' dir='ltr'><strong>lineas</strong></span> <span class='ocrx_word' id='word_1_701' title='bbox 876 3087 1028 3120; x_wconf 79' lang='lat' dir='ltr'><strong>iniciens</strong></span> <span class='ocrx_word' id='word_1_702' title='bbox 1046 3087 1184 3120; x_wconf 86' lang='lat' dir='ltr'><strong>Omnino</strong></span> <span class='ocrx_word' id='word_1_703' title='bbox 1198 3088 1286 3121; x_wconf 89' lang='lat' dir='ltr'><strong>enim</strong></span> 
     </span>
     <span class='ocr_line' id='line_1_59' title="bbox 256 3141 2381 3190; baseline -0.004 -8"><span class='ocrx_word' id='word_1_704' title='bbox 256 3149 284 3182; x_wconf 89' lang='lat' dir='ltr'><strong>si</strong></span> <span class='ocrx_word' id='word_1_705' title='bbox 298 3150 349 3182; x_wconf 87' lang='lat' dir='ltr'><strong>est</strong></span> <span class='ocrx_word' id='word_1_706' title='bbox 369 3148 463 3188; x_wconf 85' lang='lat' dir='ltr'><strong>linea,</strong></span> <span class='ocrx_word' id='word_1_707' title='bbox 479 3150 536 3180; x_wconf 85' lang='lat' dir='ltr'><strong>aut</strong></span> <span class='ocrx_word' id='word_1_708' title='bbox 553 3149 642 3180; x_wconf 81' lang='lat' dir='ltr'><strong>iecta</strong></span> <span class='ocrx_word' id='word_1_709' title='bbox 659 3148 718 3186; x_wconf 86' lang='lat' dir='ltr'><strong>est,</strong></span> <span class='ocrx_word' id='word_1_710' title='bbox 736 3147 869 3187; x_wconf 83' lang='lat' dir='ltr'><strong>fierique</strong></span> <span class='ocrx_word' id='word_1_711' title='bbox 879 3148 986 3187; x_wconf 83' lang='lat' dir='ltr'><strong>potest</strong></span> <span class='ocrx_word' id='word_1_712' title='bbox 999 3148 1035 3179; x_wconf 91' lang='lat' dir='ltr'><strong>ut</strong></span> <span class='ocrx_word' id='word_1_713' title='bbox 1049 3147 1226 3180; x_wconf 79' lang='lat' dir='ltr'><strong>bifariam</strong></span> <span class='ocrx_word' id='word_1_714' title='bbox 1211 3157 1287 3190; x_wconf 69' lang='lat' dir='ltr'><strong>apsa</strong></span> <span class='ocrx_word' id='word_1_715' title='bbox 1349 3146 1475 3179; x_wconf 77' lang='lat' dir='ltr'><strong>finitam</strong></span> <span class='ocrx_word' id='word_1_716' title='bbox 1499 3145 1672 3188; x_wconf 77' lang='lat' dir='ltr'><strong>appellant.</strong></span> <span class='ocrx_word' id='word_1_717' title='bbox 1701 3161 1736 3167; x_wconf 94' lang='lat'>-</span> <span class='ocrx_word' id='word_1_718' title='bbox 1755 3145 1851 3177; x_wconf 89' lang='lat' dir='ltr'><strong>Hunc</strong></span> <span class='ocrx_word' id='word_1_719' title='bbox 1865 3152 1943 3177; x_wconf 89' lang='lat' dir='ltr'><strong>vero</strong></span> <span class='ocrx_word' id='word_1_720' title='bbox 1960 3151 2133 3176; x_wconf 85' lang='lat' dir='ltr'><strong>numerum</strong></span> <span class='ocrx_word' id='word_1_721' title='bbox 2147 3141 2292 3175; x_wconf 90' lang='lat' dir='ltr'><strong>nondum</strong></span> <span class='ocrx_word' id='word_1_722' title='bbox 2307 3149 2381 3175; x_wconf 82' lang='lat' dir='ltr'><strong>esse</strong></span> 
     </span>
     <span class='ocr_line' id='line_1_60' title="bbox 255 3203 2382 3246; baseline -0.002 -6"><span class='ocrx_word' id='word_1_723' title='bbox 255 3209 419 3240; x_wconf 87' lang='lat' dir='ltr'><strong>secetur·</strong></span> <span class='ocrx_word' id='word_1_724' title='bbox 439 3208 496 3238; x_wconf 87' lang='lat' dir='ltr'><strong>aut</strong></span> <span class='ocrx_word' id='word_1_725' title='bbox 523 3205 729 3245; x_wconf 84' lang='lat' dir='ltr'><strong>orbiculata,</strong></span> <span class='ocrx_word' id='word_1_726' title='bbox 755 3207 787 3237; x_wconf 86' lang='lat' dir='ltr'><strong>et</strong></span> <span class='ocrx_word' id='word_1_727' title='bbox 806 3207 856 3237; x_wconf 89' lang='lat' dir='ltr'><strong>est</strong></span> <span class='ocrx_word' id='word_1_728' title='bbox 874 3205 978 3246; x_wconf 84' lang='lat' dir='ltr'><strong>major</strong></span> <span class='ocrx_word' id='word_1_729' title='bbox 1003 3205 1146 3246; x_wconf 77' lang='lat' dir='ltr'><strong>quadam</strong></span> <span class='ocrx_word' id='word_1_730' title='bbox 1172 3207 1284 3246; x_wconf 69' lang='grc' dir='ltr'>ιοοως</span> <span class='ocrx_word' id='word_1_731' title='bbox 1350 3207 1510 3246; x_wconf 77' lang='lat' dir='ltr'><strong>animam3</strong></span> <span class='ocrx_word' id='word_1_732' title='bbox 1530 3206 1561 3239; x_wconf 92' lang='lat' dir='ltr'><strong>ei</strong></span> <span class='ocrx_word' id='word_1_733' title='bbox 1579 3206 1664 3239; x_wconf 78' lang='lat' dir='ltr'><strong>enlm</strong></span> <span class='ocrx_word' id='word_1_734' title='bbox 1684 3205 1798 3238; x_wconf 87' lang='lat' dir='ltr'><strong>deesse</strong></span> <span class='ocrx_word' id='word_1_735' title='bbox 1815 3205 1923 3239; x_wconf 86' lang='lat' dir='ltr'><strong>adhuc</strong></span> <span class='ocrx_word' id='word_1_736' title='bbox 1938 3204 2026 3244; x_wconf 86' lang='lat' dir='ltr'><strong>vim,</strong></span> <span class='ocrx_word' id='word_1_737' title='bbox 2041 3213 2106 3245; x_wconf 87' lang='lat' dir='ltr'><strong>qua</strong></span> <span class='ocrx_word' id='word_1_738' title='bbox 2120 3203 2252 3236; x_wconf 81' lang='lat' dir='ltr'><strong>moveat</strong></span> <span class='ocrx_word' id='word_1_739' title='bbox 2264 3204 2297 3237; x_wconf 81' lang='lat' dir='ltr'><strong>et</strong></span> <span class='ocrx_word' id='word_1_740' title='bbox 2316 3211 2382 3244; x_wconf 77' lang='lat' dir='ltr'><strong>qua</strong></span> 
     </span>
     <span class='ocr_line' id='line_1_61' title="bbox 253 3262 2382 3308; baseline -0.003 -9"><span class='ocrx_word' id='word_1_741' title='bbox 253 3267 395 3308; x_wconf 84' lang='lat' dir='ltr'><strong>(quippe</strong></span> <span class='ocrx_word' id='word_1_742' title='bbox 420 3266 526 3298; x_wconf 90' lang='lat' dir='ltr'><strong>omnis</strong></span> <span class='ocrx_word' id='word_1_743' title='bbox 542 3265 722 3298; x_wconf 86' lang='lat' dir='ltr'><strong>orbiculata</strong></span> <span class='ocrx_word' id='word_1_744' title='bbox 740 3273 875 3306; x_wconf 88' lang='lat' dir='ltr'><strong>prorsus</strong></span> <span class='ocrx_word' id='word_1_745' title='bbox 895 3264 1059 3305; x_wconf 79' lang='lat' dir='ltr'><strong>quandam</strong></span> <span class='ocrx_word' id='word_1_746' title='bbox 1077 3267 1198 3297; x_wconf 81' lang='lat' dir='ltr'><strong>rectam</strong></span> <span class='ocrx_word' id='word_1_747' title='bbox 1222 3266 1285 3298; x_wconf 89' lang='lat' dir='ltr'><strong>mi-</strong></span> <span class='ocrx_word' id='word_1_748' title='bbox 1350 3268 1546 3299; x_wconf 76' lang='lat' dir='ltr'><strong>m-:oveatur</strong></span> <span class='ocrx_word' id='word_1_749' title='bbox 1561 3265 1675 3298; x_wconf 88' lang='lat' dir='ltr'><strong>eodem</strong></span> <span class='ocrx_word' id='word_1_750' title='bbox 1691 3266 1799 3297; x_wconf 83' lang='lat' dir='ltr'><strong>autem</strong></span> <span class='ocrx_word' id='word_1_751' title='bbox 1822 3265 1856 3296; x_wconf 91' lang='lat' dir='ltr'><strong>et</strong></span> <span class='ocrx_word' id='word_1_752' title='bbox 1871 3263 2003 3296; x_wconf 85' lang='lat' dir='ltr'><strong>diverso</strong></span> <span class='ocrx_word' id='word_1_753' title='bbox 2022 3262 2154 3302; x_wconf 76' lang='lat' dir='ltr'><strong>mixtis,</strong></span> <span class='ocrx_word' id='word_1_754' title='bbox 2173 3270 2314 3303; x_wconf 90' lang='lat' dir='ltr'><strong>quorum</strong></span> <span class='ocrx_word' id='word_1_755' title='bbox 2336 3262 2382 3294; x_wconf 92' lang='lat' dir='ltr'><strong>al</strong></span> 
     </span>
     <span class='ocr_line' id='line_1_62' title="bbox 253 3320 2378 3365; baseline -0.002 -7"><span class='ocrx_word' id='word_1_756' title='bbox 253 3333 365 3358; x_wconf 87' lang='lat' dir='ltr'><strong>norem</strong></span> <span class='ocrx_word' id='word_1_757' title='bbox 383 3323 497 3365; x_wconf 84' lang='lat' dir='ltr'><strong>habet)</strong></span> <span class='ocrx_word' id='word_1_758' title='bbox 513 3326 570 3359; x_wconf 83' lang='lat' dir='ltr'><strong>aut</strong></span> <span class='ocrx_word' id='word_1_759' title='bbox 590 3323 707 3364; x_wconf 88' lang='lat' dir='ltr'><strong>mixta,</strong></span> <span class='ocrx_word' id='word_1_760' title='bbox 725 3332 764 3356; x_wconf 88' lang='lat' dir='ltr'><strong>ac</strong></span> <span class='ocrx_word' id='word_1_761' title='bbox 782 3324 885 3355; x_wconf 86' lang='lat' dir='ltr'><strong>multo</strong></span> <span class='ocrx_word' id='word_1_762' title='bbox 909 3322 1013 3364; x_wconf 84' lang='lat' dir='ltr'><strong>magis</strong></span> <span class='ocrx_word' id='word_1_763' title='bbox 1030 3322 1150 3363; x_wconf 83' lang='lat' dir='ltr'><strong>fissilis,</strong></span> <span class='ocrx_word' id='word_1_764' title='bbox 1183 3323 1287 3364; x_wconf 82' lang='lat' dir='ltr'><strong>siqui·</strong></span> <span class='ocrx_word' id='word_1_765' title='bbox 1348 3327 1456 3358; x_wconf 86' lang='lat' dir='ltr'><strong>terum</strong></span> <span class='ocrx_word' id='word_1_766' title='bbox 1475 3328 1586 3358; x_wconf 86' lang='lat' dir='ltr'><strong>motus</strong></span> <span class='ocrx_word' id='word_1_767' title='bbox 1605 3325 1655 3358; x_wconf 86' lang='lat' dir='ltr'><strong>est</strong></span> <span class='ocrx_word' id='word_1_768' title='bbox 1672 3326 1705 3356; x_wconf 88' lang='lat' dir='ltr'><strong>et</strong></span> <span class='ocrx_word' id='word_1_769' title='bbox 1720 3322 1922 3363; x_wconf 80' lang='lat' dir='ltr'><strong>mutationis,</strong></span> <span class='ocrx_word' id='word_1_770' title='bbox 1945 3323 2084 3355; x_wconf 85' lang='lat' dir='ltr'><strong>alterum</strong></span> <span class='ocrx_word' id='word_1_771' title='bbox 2108 3320 2226 3363; x_wconf 85' lang='lat' dir='ltr'><strong>quietis</strong></span> <span class='ocrx_word' id='word_1_772' title='bbox 2238 3320 2378 3362; x_wconf 78' lang='lat' dir='ltr'><strong>initium,</strong></span> 
     </span>
     <span class='ocr_line' id='line_1_63' title="bbox 255 3377 2382 3424; baseline -0.002 -9"><span class='ocrx_word' id='word_1_773' title='bbox 255 3383 331 3416; x_wconf 86' lang='lat' dir='ltr'><strong>dem</strong></span> <span class='ocrx_word' id='word_1_774' title='bbox 352 3391 394 3416; x_wconf 78' lang='lat' dir='ltr'><strong>ex</strong></span> <span class='ocrx_word' id='word_1_775' title='bbox 419 3381 620 3424; x_wconf 85' lang='lat' dir='ltr'><strong>simplicibus</strong></span> <span class='ocrx_word' id='word_1_776' title='bbox 639 3380 782 3414; x_wconf 87' lang='lat' dir='ltr'><strong>dividuis</strong></span> <span class='ocrx_word' id='word_1_777' title='bbox 808 3382 944 3413; x_wconf 84' lang='lat' dir='ltr'><strong>constat.</strong></span> <span class='ocrx_word' id='word_1_778' title='bbox 998 3381 1286 3415; x_wconf 80' lang='lat' dir='ltr'><strong>verumenimvero</strong></span> <span class='ocrx_word' id='word_1_779' title='bbox 1348 3384 1490 3416; x_wconf 85' lang='lat' dir='ltr'><strong>animam</strong></span> <span class='ocrx_word' id='word_1_780' title='bbox 1515 3382 1688 3423; x_wconf 85' lang='lat' dir='ltr'><strong>exstitisse,</strong></span> <span class='ocrx_word' id='word_1_781' title='bbox 1715 3381 1783 3415; x_wconf 93' lang='lat' dir='ltr'><strong>vim</strong></span> <span class='ocrx_word' id='word_1_782' title='bbox 1803 3380 1926 3414; x_wconf 88' lang='lat' dir='ltr'><strong>scilicet</strong></span> <span class='ocrx_word' id='word_1_783' title='bbox 1954 3389 2018 3411; x_wconf 90' lang='lat' dir='ltr'><strong>non</strong></span> <span class='ocrx_word' id='word_1_784' title='bbox 2039 3378 2149 3411; x_wconf 86' lang='lat' dir='ltr'><strong>minus</strong></span> <span class='ocrx_word' id='word_1_785' title='bbox 2178 3377 2314 3412; x_wconf 75' lang='lat' dir='ltr'><strong>sistendi</strong></span> <span class='ocrx_word' id='word_1_786' title='bbox 2348 3379 2382 3412; x_wconf 82' lang='lat' dir='ltr'><strong>et</strong></span> 
     </span>
     <span class='ocr_line' id='line_1_64' title="bbox 259 3429 2220 3484; baseline -0.003 -9"><span class='ocrx_word' id='word_1_787' title='bbox 259 3442 330 3475; x_wconf 78' lang='lat' dir='ltr'><strong>haec</strong></span> <span class='ocrx_word' id='word_1_788' title='bbox 350 3441 481 3484; x_wconf 90' lang='lat' dir='ltr'><strong>quidem</strong></span> <span class='ocrx_word' id='word_1_789' title='bbox 503 3441 542 3474; x_wconf 88' lang='lat' dir='ltr'><strong>ad</strong></span> <span class='ocrx_word' id='word_1_790' title='bbox 564 3440 660 3474; x_wconf 86' lang='lat' dir='ltr'><strong>aliam</strong></span> <span class='ocrx_word' id='word_1_791' title='bbox 681 3440 923 3474; x_wconf 83' lang='lat' dir='ltr'><strong>meditationem</strong></span> <span class='ocrx_word' id='word_1_792' title='bbox 942 3439 1144 3473; x_wconf 71' lang='lat' dir='ltr'><strong>disserantur.</strong></span> <span class='ocrx_word' id='word_1_793' title='bbox 1316 3429 1321 3476; x_wconf 94' lang='grc' dir='ltr'>Ι</span> <span class='ocrx_word' id='word_1_794' title='bbox 1347 3440 1519 3474; x_wconf 82' lang='lat' dir='ltr'><strong>insistendi</strong></span> <span class='ocrx_word' id='word_1_795' title='bbox 1534 3449 1636 3482; x_wconf 86' lang='lat' dir='ltr'><strong>quam</strong></span> <span class='ocrx_word' id='word_1_796' title='bbox 1664 3437 1817 3473; x_wconf 86' lang='lat' dir='ltr'><strong>movendi</strong></span> <span class='ocrx_word' id='word_1_797' title='bbox 1829 3439 1862 3472; x_wconf 88' lang='lat' dir='ltr'><strong>et</strong></span> <span class='ocrx_word' id='word_1_798' title='bbox 1879 3438 1988 3471; x_wconf 88' lang='lat' dir='ltr'><strong>motus</strong></span> <span class='ocrx_word' id='word_1_799' title='bbox 2006 3436 2220 3480; x_wconf 86' lang='lat' dir='ltr'><strong>percipiendi.</strong></span> 
     </span>
    </p>
   </div>
   <div class='ocr_carea' id='block_1_7' title="bbox 1348 3025 2387 3069">
    <p class='ocr_par' dir='ltr' id='par_1_8' title="bbox 1348 3025 2387 3069">
     <span class='ocr_line' id='line_1_65' title="bbox 1348 3025 2387 3069; baseline -0.004 -7"><span class='ocrx_word' id='word_1_800' title='bbox 1348 3039 1406 3062; x_wconf 84' lang='lat' dir='ltr'><strong>nas</strong></span> <span class='ocrx_word' id='word_1_801' title='bbox 1409 3029 1438 3062; x_wconf 89' lang='lat' dir='ltr'><strong>ci</strong></span> <span class='ocrx_word' id='word_1_802' title='bbox 1458 3038 1642 3069; x_wconf 86' lang='lat' dir='ltr'><strong>numerum,</strong></span> <span class='ocrx_word' id='word_1_803' title='bbox 1669 3028 1792 3061; x_wconf 82' lang='lat' dir='ltr'><strong>unitate</strong></span> <span class='ocrx_word' id='word_1_804' title='bbox 1813 3027 2054 3060; x_wconf 87' lang='lat' dir='ltr'><strong>multitudinem</strong></span> <span class='ocrx_word' id='word_1_805' title='bbox 2076 3026 2247 3060; x_wconf 84' lang='lat' dir='ltr'><strong>definiente</strong></span> <span class='ocrx_word' id='word_1_806' title='bbox 2262 3025 2387 3059; x_wconf 88' lang='lat' dir='ltr'><strong>terml-</strong></span> 
     </span>
    </p>
   </div>
   <div class='ocr_carea' id='block_1_8' title="bbox 254 2612 2382 3130">
    <p class='ocr_par' dir='ltr' id='par_1_9' title="bbox 254 2609 2370 3226">
     <span class='ocr_line' id='line_1_66' title="bbox 254 2612 2189 2657; baseline 0.001 -11"><span class='ocrx_word' id='word_1_807' title='bbox 254 2614 413 2646; x_wconf 84' lang='lat' dir='ltr'><strong>tudinem.</strong></span> <span class='ocrx_word' id='word_1_808' title='bbox 445 2614 611 2645; x_wconf 83' lang='lat' dir='ltr'><strong>coeterum</strong></span> <span class='ocrx_word' id='word_1_809' title='bbox 630 2612 679 2646; x_wconf 88' lang='lat' dir='ltr'><strong>di.</strong></span> <span class='ocrx_word' id='word_1_810' title='bbox 686 2613 737 2646; x_wconf 73' lang='lat' dir='ltr'><strong>isi</strong></span> <span class='ocrx_word' id='word_1_811' title='bbox 748 2623 821 2647; x_wconf 89' lang='lat' dir='ltr'><strong>nem</strong></span> <span class='ocrx_word' id='word_1_812' title='bbox 834 2614 868 2646; x_wconf 92' lang='lat' dir='ltr'><strong>in</strong></span> <span class='ocrx_word' id='word_1_813' title='bbox 885 2614 968 2647; x_wconf 85' lang='lat' dir='ltr'><strong>duas</strong></span> <span class='ocrx_word' id='word_1_814' title='bbox 983 2617 1094 2655; x_wconf 82' lang='lat' dir='ltr'><strong>partes</strong></span> <span class='ocrx_word' id='word_1_815' title='bbox 1109 2615 1289 2648; x_wconf 81' lang='lat' dir='ltr'><strong>nominavit</strong></span> <span class='ocrx_word' id='word_1_816' title='bbox 1392 2621 1443 2650; x_wconf 89' lang='lat'><strong>29.</strong></span> <span class='ocrx_word' id='word_1_817' title='bbox 1467 2616 1603 2649; x_wconf 86' lang='lat' dir='ltr'><strong>Animus</strong></span> <span class='ocrx_word' id='word_1_818' title='bbox 1621 2625 1779 2649; x_wconf 88' lang='lat' dir='ltr'><strong>numerus</strong></span> <span class='ocrx_word' id='word_1_819' title='bbox 1799 2617 1848 2648; x_wconf 88' lang='lat' dir='ltr'><strong>est</strong></span> <span class='ocrx_word' id='word_1_820' title='bbox 1865 2624 1902 2647; x_wconf 88' lang='lat' dir='ltr'><strong>se</strong></span> <span class='ocrx_word' id='word_1_821' title='bbox 1917 2615 2027 2657; x_wconf 87' lang='lat' dir='ltr'><strong>ipsum</strong></span> <span class='ocrx_word' id='word_1_822' title='bbox 2042 2623 2189 2648; x_wconf 84' lang='lat' dir='ltr'><strong>movens.</strong></span> 
     </span>
     <span class='ocr_line' id='line_1_67' title="bbox 1348 3083 2382 3130; baseline -0.006 -9.188"><span class='ocrx_word' id='word_1_823' title='bbox 1348 3097 1492 3130; x_wconf 85' lang='lat' dir='ltr'><strong>numque</strong></span> <span class='ocrx_word' id='word_1_824' title='bbox 1512 3086 1660 3120; x_wconf 86' lang='lat' dir='ltr'><strong>infinitati</strong></span> <span class='ocrx_word' id='word_1_825' title='bbox 1677 3086 1914 3126; x_wconf 88' lang='lat' dir='ltr'><strong>constituente,</strong></span> <span class='ocrx_word' id='word_1_826' title='bbox 1935 3094 2034 3126; x_wconf 90' lang='lat' dir='ltr'><strong>quam</strong></span> <span class='ocrx_word' id='word_1_827' title='bbox 2054 3084 2152 3117; x_wconf 81' lang='lat' dir='ltr'><strong>eliam</strong></span> <span class='ocrx_word' id='word_1_828' title='bbox 2180 3083 2345 3124; x_wconf 80' lang='lat' dir='ltr'><strong>dyadem·</strong></span> <span class='ocrx_word' id='word_1_829' title='bbox 2335 3092 2382 3116; x_wconf 87' lang='lat' dir='ltr'><strong>m-</strong></span> 
     </span>
    </p>
   </div>
   <div class='ocr_carea' id='block_1_9' title="bbox 2474 0 2528 561">
    <p class='ocr_par' dir='ltr' id='par_1_10' title="bbox 2474 0 2528 561">
     <span class='ocr_line' id='line_1_68' title="bbox 2474 0 2528 561; baseline 0 3227"><span class='ocrx_word' id='word_1_830' title='bbox 2474 0 2528 561; x_wconf 95' lang='lat' dir='ltr'><strong> </strong></span> 
     </span>
    </p>
   </div>
  </div>
 </body>
</html>
