<?xml version="1.0" encoding="UTF-8"?>
<!DOCTYPE html PUBLIC "-//W3C//DTD XHTML 1.0 Transitional//EN"
    "http://www.w3.org/TR/xhtml1/DTD/xhtml1-transitional.dtd">
<html xmlns="http://www.w3.org/1999/xhtml" xml:lang="en" lang="en">
 <head>
  <title>
</title>
<meta http-equiv="Content-Type" content="text/html;charset=utf-8" />
  <meta name='ocr-system' content='tesseract 3.04.00' />
  <meta name='ocr-capabilities' content='ocr_page ocr_carea ocr_par ocr_line ocrx_word'/>
</head>
<body>
  <div class='ocr_page' id='page_1' title='image "./fragmentaphiloso03mulluoft_0408.png"; bbox 0 0 2508 3776; ppageno 0'>
   <div class='ocr_carea' id='block_1_1' title="bbox 286 215 363 254">
    <p class='ocr_par' dir='ltr' id='par_1_1' title="bbox 286 215 363 254">
     <span class='ocr_line' id='line_1_1' title="bbox 286 215 363 254; baseline 0 0"><span class='ocrx_word' id='word_1_1' title='bbox 286 215 363 254; x_wconf 79' lang='lat'>392</span> 
     </span>
    </p>
   </div>
   <div class='ocr_carea' id='block_1_2' title="bbox 1103 218 1582 261">
    <p class='ocr_par' dir='ltr' id='par_1_2' title="bbox 1103 218 1582 261">
     <span class='ocr_line' id='line_1_2' title="bbox 1103 218 1582 261; baseline 0.006 -4"><span class='ocrx_word' id='word_1_2' title='bbox 1103 218 1377 260; x_wconf 88' lang='lat' dir='ltr'><strong>ANDRONICI</strong></span> <span class='ocrx_word' id='word_1_3' title='bbox 1407 220 1582 261; x_wconf 87' lang='lat' dir='ltr'><strong>RHODII</strong></span> 
     </span>
    </p>
   </div>
   <div class='ocr_carea' id='block_1_3' title="bbox 274 299 2508 359">
    <p class='ocr_par' dir='ltr' id='par_1_3' title="bbox 274 296 2508 370">
     <span class='ocr_line' id='line_1_3' title="bbox 274 299 2508 359; baseline 0.004 -15"><span class='ocrx_word' id='word_1_4' title='bbox 274 299 357 352; x_wconf 71' lang='grc' dir='ltr'>πρὸς</span> <span class='ocrx_word' id='word_1_5' title='bbox 374 299 553 345; x_wconf 75' lang='grc' dir='ltr'>ἀλλήλους·</span> <span class='ocrx_word' id='word_1_6' title='bbox 576 299 701 343; x_wconf 70' lang='grc' dir='ltr'>αἵτινες</span> <span class='ocrx_word' id='word_1_7' title='bbox 717 302 750 339; x_wconf 79' lang='grc' dir='ltr'>ἐν</span> <span class='ocrx_word' id='word_1_8' title='bbox 770 300 882 352; x_wconf 79' lang='grc' dir='ltr'>λόγοις</span> <span class='ocrx_word' id='word_1_9' title='bbox 901 314 961 341; x_wconf 89' lang='grc' dir='ltr'>και</span> <span class='ocrx_word' id='word_1_10' title='bbox 985 305 1019 342; x_wconf 81' lang='grc' dir='ltr'>ἐν</span> <span class='ocrx_word' id='word_1_11' title='bbox 1042 304 1226 357; x_wconf 81' lang='grc' dir='ltr'>πράγμασι</span> <span class='ocrx_word' id='word_1_12' title='bbox 1245 307 1300 357; x_wconf 86' lang='grc' dir='ltr'>γί-</span> <span class='ocrx_word' id='word_1_13' title='bbox 1363 321 1398 344; x_wconf 87' lang='lat' dir='ltr'>se</span> <span class='ocrx_word' id='word_1_14' title='bbox 1416 313 1621 347; x_wconf 75' lang='lat' dir='ltr'>consortione</span> <span class='ocrx_word' id='word_1_15' title='bbox 1638 315 1672 347; x_wconf 92' lang='lat' dir='ltr'>et</span> <span class='ocrx_word' id='word_1_16' title='bbox 1694 322 1886 356; x_wconf 78' lang='lat' dir='ltr'>congressu,</span> <span class='ocrx_word' id='word_1_17' title='bbox 1906 318 1964 359; x_wconf 90' lang='lat' dir='ltr'>qui</span> <span class='ocrx_word' id='word_1_18' title='bbox 1982 318 2017 351; x_wconf 90' lang='lat' dir='ltr'>in</span> <span class='ocrx_word' id='word_1_19' title='bbox 2034 319 2235 353; x_wconf 80' lang='lat' dir='ltr'>sermonibus</span> <span class='ocrx_word' id='word_1_20' title='bbox 2251 322 2284 353; x_wconf 90' lang='lat' dir='ltr'>et</span> <span class='ocrx_word' id='word_1_21' title='bbox 2294 319 2397 359; x_wconf 61' lang='lat' dir='ltr'>fact.</span> <span class='ocrx_word' id='word_1_22' title='bbox 2411 347 2415 350; x_wconf 92' lang='lat'>.</span> <span class='ocrx_word' id='word_1_23' title='bbox 2506 330 2508 345; x_wconf 85' lang='lat'><em>=</em></span> 
     </span>
    </p>
   </div>
   <div class='ocr_carea' id='block_1_4' title="bbox 258 356 1301 1695">
    <p class='ocr_par' dir='ltr' id='par_1_4' title="bbox 267 356 1300 818">
     <span class='ocr_line' id='line_1_4' title="bbox 273 356 1299 408; baseline 0.005 -10"><span class='ocrx_word' id='word_1_24' title='bbox 273 369 401 398; x_wconf 89' lang='grc' dir='ltr'>νονται·</span> <span class='ocrx_word' id='word_1_25' title='bbox 434 357 513 408; x_wconf 86' lang='grc' dir='ltr'>περὶ</span> <span class='ocrx_word' id='word_1_26' title='bbox 542 356 670 402; x_wconf 86' lang='grc' dir='ltr'>ταύτας</span> <span class='ocrx_word' id='word_1_27' title='bbox 702 358 811 398; x_wconf 77' lang='grc' dir='ltr'><strong>τοίνυν</strong></span> <span class='ocrx_word' id='word_1_28' title='bbox 841 359 902 404; x_wconf 84' lang='grc' dir='ltr'>τὰς</span> <span class='ocrx_word' id='word_1_29' title='bbox 943 362 1122 408; x_wconf 83' lang='grc' dir='ltr'>κοινωνίας</span> <span class='ocrx_word' id='word_1_30' title='bbox 1157 364 1299 403; x_wconf 82' lang='grc' dir='ltr'>δυνατὸν</span> 
     </span>
     <span class='ocr_line' id='line_1_5' title="bbox 273 414 1298 472; baseline 0.005 -17"><span class='ocrx_word' id='word_1_31' title='bbox 273 414 486 455; x_wconf 70' lang='grc' dir='ltr'>ἐπαινεῖσθαί</span> <span class='ocrx_word' id='word_1_32' title='bbox 504 429 582 454; x_wconf 83' lang='grc' dir='ltr'>τινα</span> <span class='ocrx_word' id='word_1_33' title='bbox 597 430 658 454; x_wconf 84' lang='grc' dir='ltr'>και</span> <span class='ocrx_word' id='word_1_34' title='bbox 676 415 859 469; x_wconf 82' lang='grc' dir='ltr'>ψέγεσθαι.</span> <span class='ocrx_word' id='word_1_35' title='bbox 885 417 988 458; x_wconf 76' lang='grc' dir='ltr'>Ἐπεὶ</span> <span class='ocrx_word' id='word_1_36' title='bbox 1007 419 1043 458; x_wconf 84' lang='grc' dir='ltr'>δὲ</span> <span class='ocrx_word' id='word_1_37' title='bbox 1065 424 1088 468; x_wconf 83' lang='grc' dir='ltr'>ἡ</span> <span class='ocrx_word' id='word_1_38' title='bbox 1112 421 1175 468; x_wconf 83' lang='grc' dir='ltr'>μὲν</span> <span class='ocrx_word' id='word_1_39' title='bbox 1196 421 1298 472; x_wconf 86' lang='grc' dir='ltr'>μεσό-</span> 
     </span>
     <span class='ocr_line' id='line_1_6' title="bbox 271 474 1297 531; baseline 0.006 -20"><span class='ocrx_word' id='word_1_40' title='bbox 271 490 330 521; x_wconf 87' lang='grc' dir='ltr'>της</span> <span class='ocrx_word' id='word_1_41' title='bbox 348 474 545 521; x_wconf 82' lang='grc' dir='ltr'>ἐπαινετόν,</span> <span class='ocrx_word' id='word_1_42' title='bbox 566 475 692 526; x_wconf 82' lang='grc' dir='ltr'>ψεκτὸν</span> <span class='ocrx_word' id='word_1_43' title='bbox 713 474 750 513; x_wconf 83' lang='grc' dir='ltr'>δὲ</span> <span class='ocrx_word' id='word_1_44' title='bbox 776 477 812 513; x_wconf 85' lang='grc' dir='ltr'>αἱ</span> <span class='ocrx_word' id='word_1_45' title='bbox 830 476 1019 528; x_wconf 69' lang='grc' dir='ltr'>υπερὸολαὶ</span> <span class='ocrx_word' id='word_1_46' title='bbox 1037 478 1096 516; x_wconf 86' lang='grc' dir='ltr'>καὶ</span> <span class='ocrx_word' id='word_1_47' title='bbox 1117 479 1297 531; x_wconf 80' lang='grc' dir='ltr'>ἐλλείψεις,</span> 
     </span>
     <span class='ocr_line' id='line_1_7' title="bbox 271 531 1299 589; baseline 0.006 -20"><span class='ocrx_word' id='word_1_48' title='bbox 271 531 414 585; x_wconf 82' lang='grc' dir='ltr'>φανερὸν</span> <span class='ocrx_word' id='word_1_49' title='bbox 431 531 518 570; x_wconf 81' lang='grc' dir='ltr'>ὅτι’</span> <span class='ocrx_word' id='word_1_50' title='bbox 503 547 537 570; x_wconf 91' lang='grc' dir='ltr'>εν</span> <span class='ocrx_word' id='word_1_51' title='bbox 557 533 631 576; x_wconf 83' lang='grc' dir='ltr'>ταῖς</span> <span class='ocrx_word' id='word_1_52' title='bbox 655 533 845 578; x_wconf 75' lang='grc' dir='ltr'>κοινωνίαις</span> <span class='ocrx_word' id='word_1_53' title='bbox 871 534 1015 579; x_wconf 83' lang='grc' dir='ltr'>ταύταις</span> <span class='ocrx_word' id='word_1_54' title='bbox 1038 536 1218 589; x_wconf 75' lang='grc' dir='ltr'>ὓπερὸολὴ</span> <span class='ocrx_word' id='word_1_55' title='bbox 1239 537 1299 575; x_wconf 83' lang='grc' dir='ltr'>καὶ</span> 
     </span>
     <span class='ocr_line' id='line_1_8' title="bbox 270 589 1300 660; baseline 0.005 -32"><span class='ocrx_word' id='word_1_56' title='bbox 270 590 420 642; x_wconf 84' lang='grc' dir='ltr'>ἔλλειψίς</span> <span class='ocrx_word' id='word_1_57' title='bbox 441 592 513 628; x_wconf 86' lang='grc' dir='ltr'>ἐστι</span> <span class='ocrx_word' id='word_1_58' title='bbox 533 589 592 629; x_wconf 75' lang='grc' dir='ltr'>καὶ</span> <span class='ocrx_word' id='word_1_59' title='bbox 603 591 776 660; x_wconf 83' lang='grc' dir='ltr'>μεσότης·</span> <span class='ocrx_word' id='word_1_60' title='bbox 800 594 831 630; x_wconf 80' lang='grc' dir='ltr'>οἱ</span> <span class='ocrx_word' id='word_1_61' title='bbox 859 592 920 643; x_wconf 83' lang='grc' dir='ltr'>μὲν</span> <span class='ocrx_word' id='word_1_62' title='bbox 940 593 1007 644; x_wconf 79' lang='grc' dir='ltr'>γὰρ</span> <span class='ocrx_word' id='word_1_63' title='bbox 1025 593 1149 633; x_wconf 86' lang='grc' dir='ltr'>ἄλυποι</span> <span class='ocrx_word' id='word_1_64' title='bbox 1167 595 1300 633; x_wconf 86' lang='grc' dir='ltr'>παντά-</span> 
     </span>
     <span class='ocr_line' id='line_1_9' title="bbox 269 647 1298 702; baseline 0.006 -17"><span class='ocrx_word' id='word_1_65' title='bbox 269 661 356 686; x_wconf 87' lang='grc' dir='ltr'>πασι</span> <span class='ocrx_word' id='word_1_66' title='bbox 377 647 558 699; x_wconf 87' lang='grc' dir='ltr'>βούλονται</span> <span class='ocrx_word' id='word_1_67' title='bbox 589 652 678 686; x_wconf 87' lang='grc' dir='ltr'>εἰναι</span> <span class='ocrx_word' id='word_1_68' title='bbox 697 651 766 692; x_wconf 86' lang='grc' dir='ltr'>τοῖς</span> <span class='ocrx_word' id='word_1_69' title='bbox 786 650 1060 702; x_wconf 82' lang='grc' dir='ltr'>ἐντυγχάνουσι,</span> <span class='ocrx_word' id='word_1_70' title='bbox 1093 652 1152 690; x_wconf 82' lang='grc' dir='ltr'>καὶ</span> <span class='ocrx_word' id='word_1_71' title='bbox 1184 651 1298 691; x_wconf 87' lang='grc' dir='ltr'>πάντα</span> 
     </span>
     <span class='ocr_line' id='line_1_10' title="bbox 268 706 1294 778; baseline 0.005 -33"><span class='ocrx_word' id='word_1_72' title='bbox 268 709 466 778; x_wconf 75' lang='grc' dir='ltr'>ἐπαινοῦσι,</span> <span class='ocrx_word' id='word_1_73' title='bbox 490 706 549 744; x_wconf 80' lang='grc' dir='ltr'>καὶ</span> <span class='ocrx_word' id='word_1_74' title='bbox 583 711 690 746; x_wconf 81' lang='grc' dir='ltr'>πᾶσιν</span> <span class='ocrx_word' id='word_1_75' title='bbox 722 706 929 760; x_wconf 84' lang='grc' dir='ltr'>ἀρέσκεσθαι</span> <span class='ocrx_word' id='word_1_76' title='bbox 956 709 1139 760; x_wconf 85' lang='grc' dir='ltr'>βούλονται</span> <span class='ocrx_word' id='word_1_77' title='bbox 1168 711 1294 760; x_wconf 86' lang='grc' dir='ltr'>δοκεῖν,</span> 
     </span>
     <span class='ocr_line' id='line_1_11' title="bbox 267 764 977 818; baseline 0.003 -15"><span class='ocrx_word' id='word_1_78' title='bbox 267 764 326 803; x_wconf 80' lang='grc' dir='ltr'>καὶ</span> <span class='ocrx_word' id='word_1_79' title='bbox 344 764 454 803; x_wconf 77' lang='grc' dir='ltr'>οὐδενὶ</span> <span class='ocrx_word' id='word_1_80' title='bbox 474 780 552 816; x_wconf 92' lang='grc' dir='ltr'>περι</span> <span class='ocrx_word' id='word_1_81' title='bbox 574 765 706 809; x_wconf 81' lang='grc' dir='ltr'>οὖδενὸς</span> <span class='ocrx_word' id='word_1_82' title='bbox 726 765 977 818; x_wconf 83' lang='grc' dir='ltr'>ἀντιλέγουσιν.</span> 
     </span>
    </p>

    <p class='ocr_par' dir='ltr' id='par_1_5' title="bbox 265 822 1301 1039">
     <span class='ocr_line' id='line_1_12' title="bbox 295 822 1301 877; baseline 0.005 -16"><span class='ocrx_word' id='word_1_83' title='bbox 295 864 305 876; x_wconf 84' lang='lat'><strong>.</strong></span> <span class='ocrx_word' id='word_1_84' title='bbox 320 823 393 861; x_wconf 71' lang='lat' dir='ltr'>*Oi</span> <span class='ocrx_word' id='word_1_85' title='bbox 412 823 446 861; x_wconf 85' lang='grc' dir='ltr'>δὲ</span> <span class='ocrx_word' id='word_1_86' title='bbox 465 825 503 862; x_wconf 80' lang='grc' dir='ltr'>ἐκ</span> <span class='ocrx_word' id='word_1_87' title='bbox 521 822 706 877; x_wconf 81' lang='grc' dir='ltr'>διαμέτρου</span> <span class='ocrx_word' id='word_1_88' title='bbox 719 824 851 869; x_wconf 83' lang='grc' dir='ltr'>τούτοις</span> <span class='ocrx_word' id='word_1_89' title='bbox 871 825 1004 877; x_wconf 85' lang='grc' dir='ltr'>ἔχουσι,</span> <span class='ocrx_word' id='word_1_90' title='bbox 1023 825 1084 865; x_wconf 79' lang='grc' dir='ltr'>καὶ</span> <span class='ocrx_word' id='word_1_91' title='bbox 1098 827 1228 871; x_wconf 83' lang='grc' dir='ltr'>πάντας</span> <span class='ocrx_word' id='word_1_92' title='bbox 1244 829 1301 866; x_wconf 85' lang='grc' dir='ltr'>λυ-</span> 
     </span>
     <span class='ocr_line' id='line_1_13' title="bbox 266 882 1298 939; baseline 0.006 -20"><span class='ocrx_word' id='word_1_93' title='bbox 266 885 392 929; x_wconf 78' lang='grc' dir='ltr'>ποῧσι,</span> <span class='ocrx_word' id='word_1_94' title='bbox 414 882 472 920; x_wconf 79' lang='grc' dir='ltr'>καὶ</span> <span class='ocrx_word' id='word_1_95' title='bbox 495 882 609 920; x_wconf 90' lang='grc' dir='ltr'>πάντα</span> <span class='ocrx_word' id='word_1_96' title='bbox 631 882 797 936; x_wconf 79' lang='grc' dir='ltr'>ψέγουσι,</span> <span class='ocrx_word' id='word_1_97' title='bbox 827 883 885 921; x_wconf 83' lang='grc' dir='ltr'>καὶ</span> <span class='ocrx_word' id='word_1_98' title='bbox 904 883 999 923; x_wconf 82' lang='grc' dir='ltr'>οὐδὲν</span> <span class='ocrx_word' id='word_1_99' title='bbox 1021 885 1135 929; x_wconf 82' lang='grc' dir='ltr'>αὐτοῖς</span> <span class='ocrx_word' id='word_1_100' title='bbox 1161 888 1229 924; x_wconf 86' lang='grc' dir='ltr'>τῶν</span> <span class='ocrx_word' id='word_1_101' title='bbox 1247 902 1298 939; x_wconf 88' lang='grc' dir='ltr'>γι-</span> 
     </span>
     <span class='ocr_line' id='line_1_14' title="bbox 265 939 1297 995; baseline 0.005 -18"><span class='ocrx_word' id='word_1_102' title='bbox 265 939 414 989; x_wconf 85' lang='grc' dir='ltr'>νομένων</span> <span class='ocrx_word' id='word_1_103' title='bbox 435 939 590 993; x_wconf 86' lang='grc' dir='ltr'>ἀρέσκει,</span> <span class='ocrx_word' id='word_1_104' title='bbox 620 939 678 978; x_wconf 82' lang='grc' dir='ltr'>καὶ</span> <span class='ocrx_word' id='word_1_105' title='bbox 709 946 809 987; x_wconf 31' lang='grc' dir='ltr'>πᾶσι,</span> <span class='ocrx_word' id='word_1_106' title='bbox 831 940 910 993; x_wconf 85' lang='grc' dir='ltr'>περὶ</span> <span class='ocrx_word' id='word_1_107' title='bbox 939 941 1065 985; x_wconf 84' lang='grc' dir='ltr'>παντὸς</span> <span class='ocrx_word' id='word_1_108' title='bbox 1099 945 1297 995; x_wconf 86' lang='grc' dir='ltr'>ἀντιλέγου-</span> 
     </span>
     <span class='ocr_line' id='line_1_15' title="bbox 265 1013 333 1039; baseline 0.029 -4"><span class='ocrx_word' id='word_1_109' title='bbox 265 1013 333 1039; x_wconf 87' lang='grc' dir='ltr'>σιν.</span> 
     </span>
    </p>

    <p class='ocr_par' dir='ltr' id='par_1_6' title="bbox 258 1052 1298 1695">
     <span class='ocr_line' id='line_1_16' title="bbox 318 1052 1298 1109; baseline 0.002 -12.037"><span class='ocrx_word' id='word_1_110' title='bbox 318 1057 351 1075; x_wconf 66' lang='grc'>“</span> <span class='ocrx_word' id='word_1_111' title='bbox 365 1052 472 1097; x_wconf 68' lang='grc' dir='ltr'>Οἷτοι</span> <span class='ocrx_word' id='word_1_112' title='bbox 488 1055 651 1109; x_wconf 88' lang='grc' dir='ltr'>δὴᾶμφω</span> <span class='ocrx_word' id='word_1_113' title='bbox 664 1056 876 1102; x_wconf 83' lang='grc' dir='ltr'>κακίζονται.</span> <span class='ocrx_word' id='word_1_114' title='bbox 893 1058 1114 1098; x_wconf 86' lang='grc' dir='ltr'>Ἐπαινεῒται</span> <span class='ocrx_word' id='word_1_115' title='bbox 1125 1060 1161 1098; x_wconf 83' lang='grc' dir='ltr'>δὲ</span> <span class='ocrx_word' id='word_1_116' title='bbox 1178 1063 1196 1098; x_wconf 82' lang='grc' dir='ltr'>ὁ</span> <span class='ocrx_word' id='word_1_117' title='bbox 1207 1061 1298 1099; x_wconf 80' lang='grc' dir='ltr'>κατὰ</span> 
     </span>
     <span class='ocr_line' id='line_1_17' title="bbox 263 1115 1300 1177; baseline 0.003 -22"><span class='ocrx_word' id='word_1_118' title='bbox 263 1116 302 1155; x_wconf 80' lang='grc' dir='ltr'>τὸ</span> <span class='ocrx_word' id='word_1_119' title='bbox 325 1115 399 1155; x_wconf 87' lang='grc' dir='ltr'>δέον</span> <span class='ocrx_word' id='word_1_120' title='bbox 417 1131 528 1154; x_wconf 88' lang='grc' dir='ltr'>ταυτα</span> <span class='ocrx_word' id='word_1_121' title='bbox 546 1117 670 1154; x_wconf 85' lang='grc' dir='ltr'>ποιῶν·</span> <span class='ocrx_word' id='word_1_122' title='bbox 694 1115 755 1154; x_wconf 76' lang='grc' dir='ltr'>καὶ</span> <span class='ocrx_word' id='word_1_123' title='bbox 771 1115 794 1155; x_wconf 80' lang='grc' dir='ltr'>ἃ</span> <span class='ocrx_word' id='word_1_124' title='bbox 787 1115 877 1177; x_wconf 32' lang='grc' dir='ltr'>’.μὲν</span> <span class='ocrx_word' id='word_1_125' title='bbox 897 1117 950 1155; x_wconf 87' lang='grc' dir='ltr'>δεῖ</span> <span class='ocrx_word' id='word_1_126' title='bbox 981 1117 1112 1170; x_wconf 81' lang='grc' dir='ltr'>ψέγων,</span> <span class='ocrx_word' id='word_1_127' title='bbox 1142 1118 1166 1157; x_wconf 77' lang='grc' dir='ltr'>ἃ</span> <span class='ocrx_word' id='word_1_128' title='bbox 1188 1118 1223 1157; x_wconf 80' lang='grc' dir='ltr'>δὲ</span> <span class='ocrx_word' id='word_1_129' title='bbox 1248 1120 1300 1157; x_wconf 87' lang='grc' dir='ltr'>δεῖ</span> 
     </span>
     <span class='ocr_line' id='line_1_18' title="bbox 264 1167 1297 1248; baseline 0.001 -34"><span class='ocrx_word' id='word_1_130' title='bbox 264 1176 425 1223; x_wconf 81' lang='grc' dir='ltr'>ἐπαινῶν,</span> <span class='ocrx_word' id='word_1_131' title='bbox 445 1173 505 1213; x_wconf 83' lang='grc' dir='ltr'>καὶ</span> <span class='ocrx_word' id='word_1_132' title='bbox 528 1173 757 1248; x_wconf 82' lang='grc' dir='ltr'>ἀρεσκόμενος</span> <span class='ocrx_word' id='word_1_133' title='bbox 773 1167 821 1218; x_wconf 82' lang='grc' dir='ltr'>οῖς</span> <span class='ocrx_word' id='word_1_134' title='bbox 842 1174 1051 1228; x_wconf 83' lang='grc' dir='ltr'>ἀρέσκεσθαι</span> <span class='ocrx_word' id='word_1_135' title='bbox 1075 1177 1138 1218; x_wconf 89' lang='grc' dir='ltr'>δεῖ.</span> <span class='ocrx_word' id='word_1_136' title='bbox 1166 1178 1297 1216; x_wconf 87' lang='grc' dir='ltr'>Καλεῒ-</span> 
     </span>
     <span class='ocr_line' id='line_1_19' title="bbox 263 1231 1296 1286; baseline 0.002 -14"><span class='ocrx_word' id='word_1_137' title='bbox 263 1249 321 1272; x_wconf 86' lang='grc' dir='ltr'>ται</span> <span class='ocrx_word' id='word_1_138' title='bbox 339 1233 451 1272; x_wconf 79' lang='grc' dir='ltr'>τοίνυν</span> <span class='ocrx_word' id='word_1_139' title='bbox 474 1235 492 1271; x_wconf 83' lang='grc' dir='ltr'><strong>ὃ</strong></span> <span class='ocrx_word' id='word_1_140' title='bbox 509 1231 572 1282; x_wconf 87' lang='grc' dir='ltr'>μὲν</span> <span class='ocrx_word' id='word_1_141' title='bbox 592 1233 708 1270; x_wconf 88' lang='grc' dir='ltr'>πάντα</span> <span class='ocrx_word' id='word_1_142' title='bbox 728 1234 878 1272; x_wconf 78' lang='grc' dir='ltr'>ἐπαινῶν</span> <span class='ocrx_word' id='word_1_143' title='bbox 902 1234 1046 1286; x_wconf 84' lang='grc' dir='ltr'>ἄρεσκός</span> <span class='ocrx_word' id='word_1_144' title='bbox 1062 1238 1142 1278; x_wconf 58' lang='lat' dir='ltr'>‘ug-⁸</span> <span class='ocrx_word' id='word_1_145' title='bbox 1157 1251 1217 1274; x_wconf 84' lang='grc' dir='ltr'>και</span> <span class='ocrx_word' id='word_1_146' title='bbox 1237 1235 1296 1274; x_wconf 90' lang='grc' dir='ltr'>κό-</span> 
     </span>
     <span class='ocr_line' id='line_1_20' title="bbox 263 1290 1295 1343; baseline 0.002 -13"><span class='ocrx_word' id='word_1_147' title='bbox 263 1291 342 1336; x_wconf 83' lang='grc' dir='ltr'>λαξ·</span> <span class='ocrx_word' id='word_1_148' title='bbox 373 1290 445 1329; x_wconf 80' lang='grc' dir='ltr'>ὅδὲ</span> <span class='ocrx_word' id='word_1_149' title='bbox 472 1296 581 1329; x_wconf 83' lang='grc' dir='ltr'>πᾶσιν</span> <span class='ocrx_word' id='word_1_150' title='bbox 604 1292 794 1341; x_wconf 75' lang='grc' dir='ltr'>ἐπιτιμῶν,</span> <span class='ocrx_word' id='word_1_151' title='bbox 830 1290 1003 1335; x_wconf 86' lang='grc' dir='ltr'>δύσκολος·</span> <span class='ocrx_word' id='word_1_152' title='bbox 1033 1294 1052 1330; x_wconf 84' lang='grc' dir='ltr'>ὁ</span> <span class='ocrx_word' id='word_1_153' title='bbox 1073 1291 1108 1330; x_wconf 81' lang='grc' dir='ltr'>δὲ</span> <span class='ocrx_word' id='word_1_154' title='bbox 1137 1292 1177 1331; x_wconf 83' lang='grc' dir='ltr'>τὸ</span> <span class='ocrx_word' id='word_1_155' title='bbox 1201 1293 1295 1343; x_wconf 88' lang='grc' dir='ltr'>γινό-</span> 
     </span>
     <span class='ocr_line' id='line_1_21' title="bbox 264 1339 1296 1402; baseline 0.001 -14"><span class='ocrx_word' id='word_1_156' title='bbox 264 1364 363 1401; x_wconf 89' lang='grc' dir='ltr'>μενον</span> <span class='ocrx_word' id='word_1_157' title='bbox 386 1349 504 1393; x_wconf 85' lang='grc' dir='ltr'>σώζων</span> <span class='ocrx_word' id='word_1_158' title='bbox 521 1339 600 1401; x_wconf 80' lang='grc' dir='ltr'>περὶ</span> <span class='ocrx_word' id='word_1_159' title='bbox 620 1347 742 1401; x_wconf 84' lang='grc' dir='ltr'>ἄμφω,</span> <span class='ocrx_word' id='word_1_160' title='bbox 759 1348 855 1400; x_wconf 81' lang='grc' dir='ltr'>φίλος</span> <span class='ocrx_word' id='word_1_161' title='bbox 883 1347 925 1386; x_wconf 79' lang='grc' dir='ltr'>ἂν</span> <span class='ocrx_word' id='word_1_162' title='bbox 947 1349 1100 1387; x_wconf 84' lang='grc' dir='ltr'>καλοῖτο·</span> <span class='ocrx_word' id='word_1_163' title='bbox 1121 1349 1210 1389; x_wconf 86' lang='grc' dir='ltr'>ἔοικε</span> <span class='ocrx_word' id='word_1_164' title='bbox 1230 1350 1296 1402; x_wconf 87' lang='grc' dir='ltr'>γὰρ</span> 
     </span>
     <span class='ocr_line' id='line_1_22' title="bbox 261 1405 1298 1460; baseline 0 -13"><span class='ocrx_word' id='word_1_165' title='bbox 261 1408 300 1447; x_wconf 89' lang='grc' dir='ltr'>τὸ</span> <span class='ocrx_word' id='word_1_166' title='bbox 319 1408 399 1446; x_wconf 87' lang='grc' dir='ltr'>κατ’</span> <span class='ocrx_word' id='word_1_167' title='bbox 413 1407 516 1446; x_wconf 74' lang='grc' dir='ltr'>αὐτὸν</span> <span class='ocrx_word' id='word_1_168' title='bbox 555 1406 668 1460; x_wconf 79' lang='grc' dir='ltr'>φιλίᾳ·</span> <span class='ocrx_word' id='word_1_169' title='bbox 689 1406 800 1453; x_wconf 81' lang='grc' dir='ltr'>ὄνομα</span> <span class='ocrx_word' id='word_1_170' title='bbox 830 1405 898 1459; x_wconf 83' lang='grc' dir='ltr'>γὰρ</span> <span class='ocrx_word' id='word_1_171' title='bbox 928 1405 1013 1444; x_wconf 87' lang='grc' dir='ltr'>ἴδιον</span> <span class='ocrx_word' id='word_1_172' title='bbox 1048 1411 1110 1455; x_wconf 76' lang='grc' dir='ltr'>τῆς</span> <span class='ocrx_word' id='word_1_173' title='bbox 1141 1408 1298 1457; x_wconf 79' lang='grc' dir='ltr'>τοιαύτης</span> 
     </span>
     <span class='ocr_line' id='line_1_23' title="bbox 262 1463 1294 1518; baseline -0.001 -13"><span class='ocrx_word' id='word_1_174' title='bbox 262 1466 450 1518; x_wconf 83' lang='grc' dir='ltr'>μεσότητος</span> <span class='ocrx_word' id='word_1_175' title='bbox 483 1466 545 1504; x_wconf 81' lang='grc' dir='ltr'>οὒκ</span> <span class='ocrx_word' id='word_1_176' title='bbox 565 1465 678 1513; x_wconf 86' lang='grc' dir='ltr'>ἔστιν,</span> <span class='ocrx_word' id='word_1_177' title='bbox 700 1463 790 1503; x_wconf 85' lang='grc' dir='ltr'>ἀλλὰ</span> <span class='ocrx_word' id='word_1_178' title='bbox 812 1463 880 1503; x_wconf 84' lang='grc' dir='ltr'>ἀπὸ</span> <span class='ocrx_word' id='word_1_179' title='bbox 899 1467 960 1503; x_wconf 80' lang='grc' dir='ltr'>τοῦ</span> <span class='ocrx_word' id='word_1_180' title='bbox 981 1465 1102 1515; x_wconf 85' lang='grc' dir='ltr'>ὁμοίου</span> <span class='ocrx_word' id='word_1_181' title='bbox 1122 1466 1294 1508; x_wconf 82' lang='grc' dir='ltr'>καλεῖται.</span> 
     </span>
     <span class='ocr_line' id='line_1_24' title="bbox 261 1522 1297 1578; baseline 0.003 -16"><span class='ocrx_word' id='word_1_182' title='bbox 261 1525 307 1563; x_wconf 85' lang='grc' dir='ltr'>Ἥ</span> <span class='ocrx_word' id='word_1_183' title='bbox 328 1525 394 1577; x_wconf 83' lang='grc' dir='ltr'>γὰρ</span> <span class='ocrx_word' id='word_1_184' title='bbox 422 1524 562 1570; x_wconf 88' lang='grc' dir='ltr'>τοιαύτη</span> <span class='ocrx_word' id='word_1_185' title='bbox 591 1522 658 1568; x_wconf 81' lang='grc' dir='ltr'>ἕξις</span> <span class='ocrx_word' id='word_1_186' title='bbox 695 1523 733 1560; x_wconf 82' lang='grc' dir='ltr'>τὸ</span> <span class='ocrx_word' id='word_1_187' title='bbox 766 1522 919 1574; x_wconf 84' lang='grc' dir='ltr'>στέργειν</span> <span class='ocrx_word' id='word_1_188' title='bbox 950 1523 1216 1574; x_wconf 78' lang='grc' dir='ltr'>προσλαὸοῧσα,</span> <span class='ocrx_word' id='word_1_189' title='bbox 1240 1541 1297 1578; x_wconf 87' lang='grc' dir='ltr'>φι-</span> 
     </span>
     <span class='ocr_line' id='line_1_25' title="bbox 259 1581 1296 1636; baseline -0.003 -13"><span class='ocrx_word' id='word_1_190' title='bbox 259 1585 318 1624; x_wconf 93' lang='grc' dir='ltr'>λία</span> <span class='ocrx_word' id='word_1_191' title='bbox 336 1583 424 1623; x_wconf 81' lang='grc' dir='ltr'>ἔστί·</span> <span class='ocrx_word' id='word_1_192' title='bbox 445 1582 599 1635; x_wconf 83' lang='grc' dir='ltr'>διαφέρει</span> <span class='ocrx_word' id='word_1_193' title='bbox 612 1581 679 1634; x_wconf 82' lang='grc' dir='ltr'>γὰρ</span> <span class='ocrx_word' id='word_1_194' title='bbox 695 1584 757 1628; x_wconf 77' lang='grc' dir='ltr'>τῆς</span> <span class='ocrx_word' id='word_1_195' title='bbox 776 1581 902 1634; x_wconf 79' lang='grc' dir='ltr'>φιλίας,</span> <span class='ocrx_word' id='word_1_196' title='bbox 916 1581 969 1620; x_wconf 80' lang='grc' dir='ltr'>ὅτι</span> <span class='ocrx_word' id='word_1_197' title='bbox 981 1581 1061 1620; x_wconf 85' lang='grc' dir='ltr'>ἄνευ</span> <span class='ocrx_word' id='word_1_198' title='bbox 1073 1584 1137 1629; x_wconf 81' lang='grc' dir='ltr'>τῆς</span> <span class='ocrx_word' id='word_1_199' title='bbox 1152 1586 1296 1636; x_wconf 79' lang='grc' dir='ltr'>στοργῆς</span> 
     </span>
     <span class='ocr_line' id='line_1_26' title="bbox 258 1638 1293 1695; baseline -0.002 -14"><span class='ocrx_word' id='word_1_200' title='bbox 258 1643 401 1695; x_wconf 87' lang='grc' dir='ltr'>γίνεται.</span> <span class='ocrx_word' id='word_1_201' title='bbox 434 1642 487 1681; x_wconf 81' lang='grc' dir='ltr'>Οὔ</span> <span class='ocrx_word' id='word_1_202' title='bbox 510 1639 576 1693; x_wconf 83' lang='grc' dir='ltr'>γὰρ</span> <span class='ocrx_word' id='word_1_203' title='bbox 606 1639 663 1679; x_wconf 84' lang='grc' dir='ltr'>διὰ</span> <span class='ocrx_word' id='word_1_204' title='bbox 683 1638 723 1678; x_wconf 83' lang='grc' dir='ltr'>τὸ</span> <span class='ocrx_word' id='word_1_205' title='bbox 751 1639 947 1692; x_wconf 83' lang='grc' dir='ltr'>στέργεινῆ</span> <span class='ocrx_word' id='word_1_206' title='bbox 977 1641 1147 1692; x_wconf 81' lang='grc' dir='ltr'>ἐχθαίρειν</span> <span class='ocrx_word' id='word_1_207' title='bbox 1170 1642 1293 1679; x_wconf 83' lang='grc' dir='ltr'>ἀποδέ-</span> 
     </span>
    </p>
   </div>
   <div class='ocr_carea' id='block_1_5' title="bbox 257 1697 1307 1754">
    <p class='ocr_par' dir='ltr' id='par_1_7' title="bbox 257 1697 1307 1754">
     <span class='ocr_line' id='line_1_27' title="bbox 257 1697 1307 1754; baseline -0.001 -15"><span class='ocrx_word' id='word_1_208' title='bbox 257 1717 355 1754; x_wconf 86' lang='grc' dir='ltr'>χεται</span> <span class='ocrx_word' id='word_1_209' title='bbox 387 1699 433 1739; x_wconf 82' lang='grc' dir='ltr'>τὰ</span> <span class='ocrx_word' id='word_1_210' title='bbox 464 1698 635 1751; x_wconf 84' lang='grc' dir='ltr'>λεγόμενα</span> <span class='ocrx_word' id='word_1_211' title='bbox 666 1697 727 1737; x_wconf 73' lang='grc' dir='ltr'>καὶ</span> <span class='ocrx_word' id='word_1_212' title='bbox 759 1698 1007 1750; x_wconf 84' lang='grc' dir='ltr'>πραττόμενα,</span> <span class='ocrx_word' id='word_1_213' title='bbox 1037 1697 1197 1751; x_wconf 80' lang='grc' dir='ltr'>ἢψέγει,</span> <span class='ocrx_word' id='word_1_214' title='bbox 1216 1701 1307 1738; x_wconf 75' lang='grc' dir='ltr'>ἀλλ”</span> 
     </span>
    </p>
   </div>
   <div class='ocr_carea' id='block_1_6' title="bbox 248 1756 1292 3262">
    <p class='ocr_par' dir='ltr' id='par_1_8' title="bbox 253 1756 1292 2392">
     <span class='ocr_line' id='line_1_28' title="bbox 257 1756 1291 1808; baseline -0.002 -10"><span class='ocrx_word' id='word_1_215' title='bbox 257 1761 379 1804; x_wconf 84' lang='grc' dir='ltr'>ἁπλῶς</span> <span class='ocrx_word' id='word_1_216' title='bbox 408 1762 466 1797; x_wconf 82' lang='grc' dir='ltr'>τοῦ</span> <span class='ocrx_word' id='word_1_217' title='bbox 487 1759 618 1808; x_wconf 76' lang='grc' dir='ltr'>ἀγαθοῦ</span> <span class='ocrx_word' id='word_1_218' title='bbox 656 1756 780 1806; x_wconf 78' lang='grc' dir='ltr'>ἕνεκα,</span> <span class='ocrx_word' id='word_1_219' title='bbox 809 1756 867 1794; x_wconf 78' lang='grc' dir='ltr'>καὶ</span> <span class='ocrx_word' id='word_1_220' title='bbox 897 1756 950 1796; x_wconf 79' lang='grc' dir='ltr'>ὅτι</span> <span class='ocrx_word' id='word_1_221' title='bbox 971 1757 1133 1804; x_wconf 81' lang='grc' dir='ltr'>τοιαύτην</span> <span class='ocrx_word' id='word_1_222' title='bbox 1169 1757 1291 1796; x_wconf 76' lang='grc' dir='ltr'>ἔλαὸεν</span> 
     </span>
     <span class='ocr_line' id='line_1_29' title="bbox 257 1813 1292 1869; baseline -0.001 -13"><span class='ocrx_word' id='word_1_223' title='bbox 257 1818 335 1863; x_wconf 73' lang='grc' dir='ltr'>ἕξιν·</span> <span class='ocrx_word' id='word_1_224' title='bbox 353 1816 478 1869; x_wconf 82' lang='grc' dir='ltr'>ὁμοίως</span> <span class='ocrx_word' id='word_1_225' title='bbox 494 1816 561 1868; x_wconf 84' lang='grc' dir='ltr'>γὰρ</span> <span class='ocrx_word' id='word_1_226' title='bbox 577 1814 747 1854; x_wconf 87' lang='grc' dir='ltr'>διάκειται</span> <span class='ocrx_word' id='word_1_227' title='bbox 763 1814 847 1867; x_wconf 90' lang='grc' dir='ltr'>πρός</span> <span class='ocrx_word' id='word_1_228' title='bbox 867 1829 906 1852; x_wconf 92' lang='grc' dir='ltr'>τε</span> <span class='ocrx_word' id='word_1_229' title='bbox 924 1813 1002 1858; x_wconf 76' lang='grc' dir='ltr'>τοὺς</span> <span class='ocrx_word' id='word_1_230' title='bbox 1019 1815 1212 1867; x_wconf 88' lang='grc' dir='ltr'>γνωρίμους</span> <span class='ocrx_word' id='word_1_231' title='bbox 1231 1814 1292 1855; x_wconf 74' lang='grc' dir='ltr'>καὶ</span> 
     </span>
     <span class='ocr_line' id='line_1_30' title="bbox 256 1872 1292 1928; baseline -0.003 -13"><span class='ocrx_word' id='word_1_232' title='bbox 256 1876 334 1920; x_wconf 74' lang='grc' dir='ltr'>τοὺς</span> <span class='ocrx_word' id='word_1_233' title='bbox 359 1877 538 1928; x_wconf 82' lang='grc' dir='ltr'>ἀγνῶτας,</span> <span class='ocrx_word' id='word_1_234' title='bbox 558 1875 617 1913; x_wconf 75' lang='grc' dir='ltr'>καὶ</span> <span class='ocrx_word' id='word_1_235' title='bbox 645 1874 731 1926; x_wconf 82' lang='grc' dir='ltr'>πρὸς</span> <span class='ocrx_word' id='word_1_236' title='bbox 749 1872 827 1916; x_wconf 82' lang='grc' dir='ltr'>τοὺς</span> <span class='ocrx_word' id='word_1_237' title='bbox 851 1873 1006 1923; x_wconf 84' lang='grc' dir='ltr'>συνήθεις</span> <span class='ocrx_word' id='word_1_238' title='bbox 1027 1876 1088 1912; x_wconf 86' lang='grc' dir='ltr'>καὶ</span> <span class='ocrx_word' id='word_1_239' title='bbox 1113 1874 1292 1921; x_wconf 83' lang='grc' dir='ltr'>ἀσυνήθεις</span> 
     </span>
     <span class='ocr_line' id='line_1_31' title="bbox 256 1931 1290 1986; baseline -0.003 -12"><span class='ocrx_word' id='word_1_240' title='bbox 256 1935 348 1974; x_wconf 80' lang='grc' dir='ltr'>κατὰ</span> <span class='ocrx_word' id='word_1_241' title='bbox 367 1933 498 1980; x_wconf 87' lang='grc' dir='ltr'>ταύτην</span> <span class='ocrx_word' id='word_1_242' title='bbox 527 1931 589 1979; x_wconf 85' lang='grc' dir='ltr'>τὴν</span> <span class='ocrx_word' id='word_1_243' title='bbox 619 1932 698 1977; x_wconf 82' lang='grc' dir='ltr'>ἕξιν.</span> <span class='ocrx_word' id='word_1_244' title='bbox 718 1931 881 1971; x_wconf 83' lang='grc' dir='ltr'>Ἐπαινεῒ</span> <span class='ocrx_word' id='word_1_245' title='bbox 897 1931 964 1984; x_wconf 87' lang='grc' dir='ltr'>γὰρ</span> <span class='ocrx_word' id='word_1_246' title='bbox 985 1931 1036 1970; x_wconf 77' lang='grc' dir='ltr'>ἀεὶ</span> <span class='ocrx_word' id='word_1_247' title='bbox 1058 1933 1118 1971; x_wconf 78' lang='grc' dir='ltr'>καὶ</span> <span class='ocrx_word' id='word_1_248' title='bbox 1138 1933 1238 1986; x_wconf 82' lang='grc' dir='ltr'>ψέγει</span> <span class='ocrx_word' id='word_1_249' title='bbox 1267 1933 1290 1971; x_wconf 79' lang='grc' dir='ltr'>ἃ</span> 
     </span>
     <span class='ocr_line' id='line_1_32' title="bbox 257 1989 1289 2045; baseline -0.003 -12"><span class='ocrx_word' id='word_1_250' title='bbox 257 1996 333 2045; x_wconf 88' lang='grc' dir='ltr'>δεῖ,</span> <span class='ocrx_word' id='word_1_251' title='bbox 354 1993 415 2032; x_wconf 79' lang='grc' dir='ltr'>καὶ</span> <span class='ocrx_word' id='word_1_252' title='bbox 435 1992 513 2031; x_wconf 81' lang='grc' dir='ltr'>ὅσον</span> <span class='ocrx_word' id='word_1_253' title='bbox 539 1993 601 2030; x_wconf 86' lang='grc' dir='ltr'>δεῖ·</span> <span class='ocrx_word' id='word_1_254' title='bbox 633 1989 724 2038; x_wconf 83' lang='grc' dir='ltr'>πλὴν</span> <span class='ocrx_word' id='word_1_255' title='bbox 747 1992 814 2043; x_wconf 78' lang='grc' dir='ltr'>οὐχ</span> <span class='ocrx_word' id='word_1_256' title='bbox 837 1990 962 2041; x_wconf 82' lang='grc' dir='ltr'>ὁμοίως</span> <span class='ocrx_word' id='word_1_257' title='bbox 989 1991 1233 2042; x_wconf 86' lang='grc' dir='ltr'>παντάπασιν,</span> <span class='ocrx_word' id='word_1_258' title='bbox 1255 1992 1289 2030; x_wconf 82' lang='grc' dir='ltr'>ἐν</span> 
     </span>
     <span class='ocr_line' id='line_1_33' title="bbox 256 2046 1290 2104; baseline -0.003 -13"><span class='ocrx_word' id='word_1_259' title='bbox 256 2046 303 2096; x_wconf 77' lang='grc' dir='ltr'>οἶς</span> <span class='ocrx_word' id='word_1_260' title='bbox 322 2050 389 2104; x_wconf 80' lang='grc' dir='ltr'>γὰρ</span> <span class='ocrx_word' id='word_1_261' title='bbox 419 2052 470 2089; x_wconf 87' lang='grc' dir='ltr'>δεῖ</span> <span class='ocrx_word' id='word_1_262' title='bbox 496 2051 618 2089; x_wconf 86' lang='grc' dir='ltr'>λυπεῖν</span> <span class='ocrx_word' id='word_1_263' title='bbox 638 2051 704 2102; x_wconf 83' lang='grc' dir='ltr'>οὔχ</span> <span class='ocrx_word' id='word_1_264' title='bbox 730 2049 858 2100; x_wconf 85' lang='grc' dir='ltr'>ὁμοίως</span> <span class='ocrx_word' id='word_1_265' title='bbox 887 2048 1034 2095; x_wconf 80' lang='grc' dir='ltr'>λυπήσει</span> <span class='ocrx_word' id='word_1_266' title='bbox 1064 2048 1144 2092; x_wconf 80' lang='grc' dir='ltr'>τοὺς</span> <span class='ocrx_word' id='word_1_267' title='bbox 1164 2049 1290 2102; x_wconf 87' lang='grc' dir='ltr'>γνωρί-</span> 
     </span>
     <span class='ocr_line' id='line_1_34' title="bbox 257 2105 1287 2161; baseline -0.001 -13"><span class='ocrx_word' id='word_1_268' title='bbox 257 2126 357 2161; x_wconf 89' lang='grc' dir='ltr'>μους,</span> <span class='ocrx_word' id='word_1_269' title='bbox 376 2109 436 2148; x_wconf 82' lang='grc' dir='ltr'>καὶ</span> <span class='ocrx_word' id='word_1_270' title='bbox 455 2107 535 2154; x_wconf 73' lang='grc' dir='ltr'>τοὺς</span> <span class='ocrx_word' id='word_1_271' title='bbox 556 2110 731 2160; x_wconf 80' lang='grc' dir='ltr'>ἀγνῶτας,</span> <span class='ocrx_word' id='word_1_272' title='bbox 754 2106 815 2145; x_wconf 88' lang='grc' dir='ltr'>καὶ</span> <span class='ocrx_word' id='word_1_273' title='bbox 831 2105 910 2151; x_wconf 82' lang='grc' dir='ltr'>τοὺς</span> <span class='ocrx_word' id='word_1_274' title='bbox 930 2108 1087 2155; x_wconf 87' lang='grc' dir='ltr'>συνήθεις</span> <span class='ocrx_word' id='word_1_275' title='bbox 1101 2106 1160 2145; x_wconf 79' lang='grc' dir='ltr'>καὶ</span> <span class='ocrx_word' id='word_1_276' title='bbox 1179 2109 1287 2147; x_wconf 88' lang='grc' dir='ltr'>ἀσυν-</span> 
     </span>
     <span class='ocr_line' id='line_1_35' title="bbox 255 2165 1288 2219; baseline -0.004 -11"><span class='ocrx_word' id='word_1_277' title='bbox 255 2170 360 2217; x_wconf 84' lang='grc' dir='ltr'>ήθεις·</span> <span class='ocrx_word' id='word_1_278' title='bbox 383 2166 509 2219; x_wconf 83' lang='grc' dir='ltr'>ὁμοίως</span> <span class='ocrx_word' id='word_1_279' title='bbox 530 2165 643 2205; x_wconf 77' lang='grc' dir='ltr'>δὲκαὶ</span> <span class='ocrx_word' id='word_1_280' title='bbox 664 2165 722 2204; x_wconf 79' lang='grc' dir='ltr'>ἐπὶ</span> <span class='ocrx_word' id='word_1_281' title='bbox 738 2168 798 2212; x_wconf 86' lang='grc' dir='ltr'>τ’ῆς</span> <span class='ocrx_word' id='word_1_282' title='bbox 818 2166 962 2212; x_wconf 79' lang='grc' dir='ltr'>ἡδονῆς,</span> <span class='ocrx_word' id='word_1_283' title='bbox 985 2167 1022 2204; x_wconf 82' lang='grc' dir='ltr'>οὔ</span> <span class='ocrx_word' id='word_1_284' title='bbox 1044 2165 1110 2216; x_wconf 79' lang='grc' dir='ltr'>γὰρ</span> <span class='ocrx_word' id='word_1_285' title='bbox 1134 2165 1178 2204; x_wconf 85' lang='grc' dir='ltr'>τὰ</span> <span class='ocrx_word' id='word_1_286' title='bbox 1199 2166 1288 2204; x_wconf 81' lang='grc' dir='ltr'>αὐτὰ</span> 
     </span>
     <span class='ocr_line' id='line_1_36' title="bbox 256 2224 1289 2279; baseline -0.001 -13"><span class='ocrx_word' id='word_1_287' title='bbox 256 2226 411 2279; x_wconf 82' lang='grc' dir='ltr'>ἁρμόζει·</span> <span class='ocrx_word' id='word_1_288' title='bbox 431 2225 489 2264; x_wconf 83' lang='grc' dir='ltr'>καὶ</span> <span class='ocrx_word' id='word_1_289' title='bbox 510 2224 565 2263; x_wconf 85' lang='grc' dir='ltr'>διὰ</span> <span class='ocrx_word' id='word_1_290' title='bbox 581 2228 680 2263; x_wconf 77' lang='grc' dir='ltr'>τοῦτο</span> <span class='ocrx_word' id='word_1_291' title='bbox 698 2224 782 2277; x_wconf 85' lang='grc' dir='ltr'>πρὸς</span> <span class='ocrx_word' id='word_1_292' title='bbox 803 2224 841 2262; x_wconf 86' lang='grc' dir='ltr'>τὸ</span> <span class='ocrx_word' id='word_1_293' title='bbox 860 2225 986 2275; x_wconf 85' lang='grc' dir='ltr'>ἀγαθὸν</span> <span class='ocrx_word' id='word_1_294' title='bbox 1004 2224 1215 2263; x_wconf 80' lang='grc' dir='ltr'>ἀποὸλέπων</span> <span class='ocrx_word' id='word_1_295' title='bbox 1235 2225 1289 2265; x_wconf 77' lang='grc' dir='ltr'>ἀεὶ</span> 
     </span>
     <span class='ocr_line' id='line_1_37' title="bbox 254 2282 1286 2337; baseline -0.001 -13"><span class='ocrx_word' id='word_1_296' title='bbox 254 2285 314 2324; x_wconf 75' lang='grc' dir='ltr'>καὶ</span> <span class='ocrx_word' id='word_1_297' title='bbox 335 2285 373 2324; x_wconf 85' lang='grc' dir='ltr'>τὸ</span> <span class='ocrx_word' id='word_1_298' title='bbox 396 2283 582 2337; x_wconf 80' lang='grc' dir='ltr'>συμφέρον,</span> <span class='ocrx_word' id='word_1_299' title='bbox 602 2285 620 2321; x_wconf 79' lang='grc' dir='ltr'>ὁ</span> <span class='ocrx_word' id='word_1_300' title='bbox 642 2283 827 2326; x_wconf 88' lang='grc' dir='ltr'>σπουδαῖος</span> <span class='ocrx_word' id='word_1_301' title='bbox 846 2283 906 2321; x_wconf 84' lang='grc' dir='ltr'>καὶ</span> <span class='ocrx_word' id='word_1_302' title='bbox 925 2282 1039 2330; x_wconf 90' lang='grc' dir='ltr'>λύπην</span> <span class='ocrx_word' id='word_1_303' title='bbox 1070 2282 1210 2331; x_wconf 89' lang='grc' dir='ltr'>ποιήσει</span> <span class='ocrx_word' id='word_1_304' title='bbox 1227 2285 1286 2323; x_wconf 86' lang='grc' dir='ltr'>καὶ</span> 
     </span>
     <span class='ocr_line' id='line_1_38' title="bbox 253 2338 767 2392; baseline -0.008 -11"><span class='ocrx_word' id='word_1_305' title='bbox 253 2342 377 2391; x_wconf 82' lang='grc' dir='ltr'>ἡδονὴν</span> <span class='ocrx_word' id='word_1_306' title='bbox 401 2349 471 2385; x_wconf 88' lang='grc' dir='ltr'>τοῖς</span> <span class='ocrx_word' id='word_1_307' title='bbox 490 2338 767 2392; x_wconf 82' lang='grc' dir='ltr'>ἐντυγχάνουσιν.</span> 
     </span>
    </p>

    <p class='ocr_par' dir='ltr' id='par_1_9' title="bbox 248 2397 1285 3262">
     <span class='ocr_line' id='line_1_39' title="bbox 306 2397 1285 2451; baseline 0 -12"><span class='ocrx_word' id='word_1_308' title='bbox 306 2400 356 2419; x_wconf 82' lang='lat'>***</span> <span class='ocrx_word' id='word_1_309' title='bbox 378 2399 487 2439; x_wconf 85' lang='grc' dir='ltr'>Ἔστι</span> <span class='ocrx_word' id='word_1_310' title='bbox 503 2398 569 2451; x_wconf 86' lang='grc' dir='ltr'>γὰρ</span> <span class='ocrx_word' id='word_1_311' title='bbox 587 2397 729 2446; x_wconf 90' lang='grc' dir='ltr'>τοιαύτη</span> <span class='ocrx_word' id='word_1_312' title='bbox 751 2397 818 2443; x_wconf 78' lang='grc' dir='ltr'>ἕξις</span> <span class='ocrx_word' id='word_1_313' title='bbox 843 2398 922 2450; x_wconf 84' lang='grc' dir='ltr'>περὶ</span> <span class='ocrx_word' id='word_1_314' title='bbox 950 2398 1074 2445; x_wconf 82' lang='grc' dir='ltr'>ἡδονὰς</span> <span class='ocrx_word' id='word_1_315' title='bbox 1093 2399 1152 2438; x_wconf 81' lang='grc' dir='ltr'>καὶ</span> <span class='ocrx_word' id='word_1_316' title='bbox 1172 2401 1285 2445; x_wconf 87' lang='grc' dir='ltr'>λύπας</span> 
     </span>
     <span class='ocr_line' id='line_1_40' title="bbox 252 2455 1283 2507; baseline 0.002 -11"><span class='ocrx_word' id='word_1_317' title='bbox 252 2458 313 2502; x_wconf 82' lang='grc' dir='ltr'>τὰς</span> <span class='ocrx_word' id='word_1_318' title='bbox 330 2461 364 2497; x_wconf 82' lang='grc' dir='ltr'>ἐν</span> <span class='ocrx_word' id='word_1_319' title='bbox 383 2463 458 2501; x_wconf 90' lang='grc' dir='ltr'>ταῖς</span> <span class='ocrx_word' id='word_1_320' title='bbox 471 2457 622 2507; x_wconf 80' lang='grc' dir='ltr'>ὁμιλίαις</span> <span class='ocrx_word' id='word_1_321' title='bbox 631 2455 829 2507; x_wconf 86' lang='grc' dir='ltr'>γινομένας.</span> <span class='ocrx_word' id='word_1_322' title='bbox 848 2455 920 2495; x_wconf 76' lang='grc' dir='ltr'>Καὶ</span> <span class='ocrx_word' id='word_1_323' title='bbox 935 2456 1012 2496; x_wconf 83' lang='grc' dir='ltr'>ὅσαι</span> <span class='ocrx_word' id='word_1_324' title='bbox 1027 2457 1088 2506; x_wconf 81' lang='grc' dir='ltr'>μὲν</span> <span class='ocrx_word' id='word_1_325' title='bbox 1103 2457 1225 2504; x_wconf 79' lang='grc' dir='ltr'>ἡδοναὶ</span> <span class='ocrx_word' id='word_1_326' title='bbox 1245 2460 1283 2498; x_wconf 84' lang='grc' dir='ltr'>οὖ</span> 
     </span>
     <span class='ocr_line' id='line_1_41' title="bbox 256 2512 1284 2566; baseline 0.004 -15"><span class='ocrx_word' id='word_1_327' title='bbox 256 2516 340 2566; x_wconf 82' lang='grc' dir='ltr'>πρὸς</span> <span class='ocrx_word' id='word_1_328' title='bbox 354 2515 393 2554; x_wconf 83' lang='grc' dir='ltr'>τὸ</span> <span class='ocrx_word' id='word_1_329' title='bbox 412 2513 539 2565; x_wconf 84' lang='grc' dir='ltr'>ἀγαθὸν</span> <span class='ocrx_word' id='word_1_330' title='bbox 555 2513 806 2563; x_wconf 70' lang='grc' dir='ltr'>ἀποὸλέπουσι,</span> <span class='ocrx_word' id='word_1_331' title='bbox 821 2512 837 2536; x_wconf 84' lang='lat'>¹’</span> <span class='ocrx_word' id='word_1_332' title='bbox 856 2513 999 2557; x_wconf 90' lang='grc' dir='ltr'>ταύταις</span> <span class='ocrx_word' id='word_1_333' title='bbox 1014 2514 1052 2552; x_wconf 79' lang='grc' dir='ltr'>οὐ</span> <span class='ocrx_word' id='word_1_334' title='bbox 1074 2515 1284 2562; x_wconf 89' lang='grc' dir='ltr'>συνησθήσε-</span> 
     </span>
     <span class='ocr_line' id='line_1_42' title="bbox 251 2571 1285 2624; baseline 0.002 -13"><span class='ocrx_word' id='word_1_335' title='bbox 251 2588 309 2611; x_wconf 88' lang='grc' dir='ltr'>ται</span> <span class='ocrx_word' id='word_1_336' title='bbox 328 2578 398 2616; x_wconf 86' lang='grc' dir='ltr'>τοῖς</span> <span class='ocrx_word' id='word_1_337' title='bbox 418 2571 682 2624; x_wconf 81' lang='grc' dir='ltr'>ἐντυγχάνουσιν</span> <span class='ocrx_word' id='word_1_338' title='bbox 697 2601 708 2620; x_wconf 91' lang='grc'>,</span> <span class='ocrx_word' id='word_1_339' title='bbox 730 2571 821 2610; x_wconf 86' lang='grc' dir='ltr'>ἀλλὰ</span> <span class='ocrx_word' id='word_1_340' title='bbox 842 2573 975 2621; x_wconf 78' lang='grc' dir='ltr'>μᾶλλον</span> <span class='ocrx_word' id='word_1_341' title='bbox 993 2572 1173 2623; x_wconf 86' lang='grc' dir='ltr'>ἡδομένοις</span> <span class='ocrx_word' id='word_1_342' title='bbox 1197 2575 1285 2613; x_wconf 88' lang='grc' dir='ltr'>δυσ-</span> 
     </span>
     <span class='ocr_line' id='line_1_43' title="bbox 251 2628 1282 2682; baseline 0.003 -15"><span class='ocrx_word' id='word_1_343' title='bbox 251 2635 403 2682; x_wconf 87' lang='grc' dir='ltr'>χερανεῖ·</span> <span class='ocrx_word' id='word_1_344' title='bbox 423 2630 483 2668; x_wconf 80' lang='grc' dir='ltr'>καὶ</span> <span class='ocrx_word' id='word_1_345' title='bbox 503 2628 752 2681; x_wconf 87' lang='grc' dir='ltr'>προαιρήσεται</span> <span class='ocrx_word' id='word_1_346' title='bbox 770 2630 925 2682; x_wconf 86' lang='grc' dir='ltr'>λυπηρὸς</span> <span class='ocrx_word' id='word_1_347' title='bbox 943 2631 1090 2682; x_wconf 75' lang='grc' dir='ltr'>ὀφθῆναι</span> <span class='ocrx_word' id='word_1_348' title='bbox 1111 2632 1244 2681; x_wconf 82' lang='grc' dir='ltr'>μᾶλλον</span> <span class='ocrx_word' id='word_1_349' title='bbox 1260 2633 1282 2680; x_wconf 87' lang='grc' dir='ltr'>ἢ</span> 
     </span>
     <span class='ocr_line' id='line_1_44' title="bbox 251 2687 1282 2743; baseline 0.004 -18"><span class='ocrx_word' id='word_1_350' title='bbox 251 2688 357 2735; x_wconf 80' lang='grc' dir='ltr'>ἡδύς,</span> <span class='ocrx_word' id='word_1_351' title='bbox 378 2692 436 2725; x_wconf 82' lang='grc' dir='ltr'>τοῦ</span> <span class='ocrx_word' id='word_1_352' title='bbox 460 2689 589 2738; x_wconf 79' lang='grc' dir='ltr'>ἀγαθοῦ</span> <span class='ocrx_word' id='word_1_353' title='bbox 606 2687 719 2726; x_wconf 79' lang='grc' dir='ltr'>ἕνεκα·</span> <span class='ocrx_word' id='word_1_354' title='bbox 742 2687 894 2737; x_wconf 89' lang='grc' dir='ltr'>μάλιστα</span> <span class='ocrx_word' id='word_1_355' title='bbox 920 2688 961 2726; x_wconf 81' lang='grc' dir='ltr'>ἂν</span> <span class='ocrx_word' id='word_1_356' title='bbox 987 2691 1008 2736; x_wconf 89' lang='grc' dir='ltr'>ἡ</span> <span class='ocrx_word' id='word_1_357' title='bbox 1030 2688 1135 2737; x_wconf 80' lang='grc' dir='ltr'>ἡδονὴ</span> <span class='ocrx_word' id='word_1_358' title='bbox 1156 2690 1282 2743; x_wconf 86' lang='grc' dir='ltr'>αἰσχύ-</span> 
     </span>
     <span class='ocr_line' id='line_1_45' title="bbox 252 2744 1280 2800; baseline 0.003 -17"><span class='ocrx_word' id='word_1_359' title='bbox 252 2761 313 2792; x_wconf 92' lang='grc' dir='ltr'>νην</span> <span class='ocrx_word' id='word_1_360' title='bbox 330 2746 417 2798; x_wconf 85' lang='grc' dir='ltr'>φέρῃ</span> <span class='ocrx_word' id='word_1_361' title='bbox 434 2744 493 2783; x_wconf 70' lang='grc' dir='ltr'>καὶ</span> <span class='ocrx_word' id='word_1_362' title='bbox 511 2745 646 2797; x_wconf 76' lang='grc' dir='ltr'>βλάὸην</span> <span class='ocrx_word' id='word_1_363' title='bbox 667 2747 716 2796; x_wconf 78' lang='grc' dir='ltr'>τῷ</span> <span class='ocrx_word' id='word_1_364' title='bbox 737 2749 892 2783; x_wconf 74' lang='grc' dir='ltr'>ποιοῦντι</span> <span class='ocrx_word' id='word_1_365' title='bbox 923 2745 1095 2795; x_wconf 88' lang='grc' dir='ltr'>μεγάλην·</span> <span class='ocrx_word' id='word_1_366' title='bbox 1119 2747 1196 2785; x_wconf 91' lang='grc' dir='ltr'>τότε</span> <span class='ocrx_word' id='word_1_367' title='bbox 1213 2747 1280 2800; x_wconf 88' lang='grc' dir='ltr'>γὰρ</span> 
     </span>
     <span class='ocr_line' id='line_1_46' title="bbox 252 2803 1278 2857; baseline 0.003 -16"><span class='ocrx_word' id='word_1_368' title='bbox 252 2803 436 2855; x_wconf 79' lang='grc' dir='ltr'>αἱρήσεται</span> <span class='ocrx_word' id='word_1_369' title='bbox 471 2804 603 2853; x_wconf 85' lang='grc' dir='ltr'>μᾶλλον</span> <span class='ocrx_word' id='word_1_370' title='bbox 630 2804 811 2850; x_wconf 71' lang='grc' dir='ltr'>λυπῆσαι,</span> <span class='ocrx_word' id='word_1_371' title='bbox 844 2803 904 2841; x_wconf 78' lang='grc' dir='ltr'>καὶ</span> <span class='ocrx_word' id='word_1_372' title='bbox 940 2805 1103 2855; x_wconf 83' lang='grc' dir='ltr'>αἰσχῦναι</span> <span class='ocrx_word' id='word_1_373' title='bbox 1140 2805 1278 2857; x_wconf 89' lang='grc' dir='ltr'>μικρόν,</span> 
     </span>
     <span class='ocr_line' id='line_1_47' title="bbox 250 2860 1279 2914; baseline 0.002 -16"><span class='ocrx_word' id='word_1_374' title='bbox 250 2861 309 2899; x_wconf 87' lang='grc' dir='ltr'>καὶ</span> <span class='ocrx_word' id='word_1_375' title='bbox 330 2864 392 2908; x_wconf 80' lang='grc' dir='ltr'>τῆς</span> <span class='ocrx_word' id='word_1_376' title='bbox 411 2860 563 2912; x_wconf 89' lang='grc' dir='ltr'>μείζονος</span> <span class='ocrx_word' id='word_1_377' title='bbox 588 2860 786 2905; x_wconf 84' lang='grc' dir='ltr'>ἀπαλλάξαι</span> <span class='ocrx_word' id='word_1_378' title='bbox 817 2860 929 2908; x_wconf 87' lang='grc' dir='ltr'>λύπης</span> <span class='ocrx_word' id='word_1_379' title='bbox 957 2861 1016 2899; x_wconf 81' lang='grc' dir='ltr'>καὶ</span> <span class='ocrx_word' id='word_1_380' title='bbox 1041 2861 1225 2914; x_wconf 82' lang='grc' dir='ltr'>αἰσχύνης,</span> <span class='ocrx_word' id='word_1_381' title='bbox 1257 2863 1279 2910; x_wconf 86' lang='grc' dir='ltr'>ἢ</span> 
     </span>
     <span class='ocr_line' id='line_1_48' title="bbox 251 2918 1279 2972; baseline 0.002 -14"><span class='ocrx_word' id='word_1_382' title='bbox 251 2918 372 2972; x_wconf 83' lang='grc' dir='ltr'>μικρὸν</span> <span class='ocrx_word' id='word_1_383' title='bbox 402 2918 619 2972; x_wconf 82' lang='grc' dir='ltr'>εὖφράναντα</span> <span class='ocrx_word' id='word_1_384' title='bbox 651 2918 707 2956; x_wconf 83' lang='grc' dir='ltr'>διὰ</span> <span class='ocrx_word' id='word_1_385' title='bbox 729 2923 789 2957; x_wconf 79' lang='grc' dir='ltr'>τοῦ</span> <span class='ocrx_word' id='word_1_386' title='bbox 818 2922 1047 2969; x_wconf 80' lang='grc' dir='ltr'>συνησθῆναι,</span> <span class='ocrx_word' id='word_1_387' title='bbox 1077 2923 1119 2972; x_wconf 87' lang='grc' dir='ltr'>τῇ</span> <span class='ocrx_word' id='word_1_388' title='bbox 1149 2919 1279 2970; x_wconf 91' lang='grc' dir='ltr'>μείζονι</span> 
     </span>
     <span class='ocr_line' id='line_1_49' title="bbox 249 2976 1279 3029; baseline 0.002 -13"><span class='ocrx_word' id='word_1_389' title='bbox 249 2977 341 3029; x_wconf 81' lang='grc' dir='ltr'>λύπῃ</span> <span class='ocrx_word' id='word_1_390' title='bbox 375 2977 588 3029; x_wconf 75' lang='grc' dir='ltr'>περιὸαλεῖν.</span> <span class='ocrx_word' id='word_1_391' title='bbox 609 2977 690 3028; x_wconf 76' lang='grc' dir='ltr'>Οὐχ</span> <span class='ocrx_word' id='word_1_392' title='bbox 719 2976 844 3026; x_wconf 84' lang='grc' dir='ltr'>ὁμοίως</span> <span class='ocrx_word' id='word_1_393' title='bbox 883 2977 918 3014; x_wconf 83' lang='grc' dir='ltr'>δὲ</span> <span class='ocrx_word' id='word_1_394' title='bbox 951 2978 1109 3027; x_wconf 81' lang='grc' dir='ltr'>ὁμιλήσει</span> <span class='ocrx_word' id='word_1_395' title='bbox 1140 2984 1209 3022; x_wconf 87' lang='grc' dir='ltr'>τοῖς</span> <span class='ocrx_word' id='word_1_396' title='bbox 1244 2981 1279 3018; x_wconf 82' lang='grc' dir='ltr'>ἐν</span> 
     </span>
     <span class='ocr_line' id='line_1_50' title="bbox 250 3034 1279 3087; baseline 0.002 -13"><span class='ocrx_word' id='word_1_397' title='bbox 250 3034 423 3086; x_wconf 84' lang='grc' dir='ltr'>ἀξιώμασι</span> <span class='ocrx_word' id='word_1_398' title='bbox 437 3034 497 3073; x_wconf 82' lang='grc' dir='ltr'>καὶ</span> <span class='ocrx_word' id='word_1_399' title='bbox 515 3037 584 3078; x_wconf 87' lang='grc' dir='ltr'>τοῖς</span> <span class='ocrx_word' id='word_1_400' title='bbox 600 3038 782 3085; x_wconf 78' lang='grc' dir='ltr'>τυχοῦσιν,</span> <span class='ocrx_word' id='word_1_401' title='bbox 802 3036 879 3073; x_wconf 79' lang='grc' dir='ltr'>ἀλλ’</span> <span class='ocrx_word' id='word_1_402' title='bbox 897 3035 1031 3087; x_wconf 83' lang='grc' dir='ltr'>ἑκάστῳ</span> <span class='ocrx_word' id='word_1_403' title='bbox 1052 3036 1225 3075; x_wconf 80' lang='grc' dir='ltr'>ἀποδώσει</span> <span class='ocrx_word' id='word_1_404' title='bbox 1241 3037 1279 3076; x_wconf 84' lang='grc' dir='ltr'>τὸ</span> 
     </span>
     <span class='ocr_line' id='line_1_51' title="bbox 249 3092 1280 3147; baseline 0.001 -15"><span class='ocrx_word' id='word_1_405' title='bbox 249 3094 380 3147; x_wconf 85' lang='grc' dir='ltr'>πρέπον</span> <span class='ocrx_word' id='word_1_406' title='bbox 395 3123 405 3142; x_wconf 93' lang='grc'>,</span> <span class='ocrx_word' id='word_1_407' title='bbox 434 3092 494 3132; x_wconf 81' lang='grc' dir='ltr'>καὶ</span> <span class='ocrx_word' id='word_1_408' title='bbox 514 3092 606 3132; x_wconf 84' lang='grc' dir='ltr'>κατὰ</span> <span class='ocrx_word' id='word_1_409' title='bbox 622 3092 682 3136; x_wconf 86' lang='grc' dir='ltr'>τὰς</span> <span class='ocrx_word' id='word_1_410' title='bbox 700 3093 807 3136; x_wconf 86' lang='grc' dir='ltr'>ἄλλας</span> <span class='ocrx_word' id='word_1_411' title='bbox 829 3092 863 3130; x_wconf 78' lang='grc' dir='ltr'>δὲ</span> <span class='ocrx_word' id='word_1_412' title='bbox 889 3092 1053 3145; x_wconf 84' lang='grc' dir='ltr'>διαφορὰς</span> <span class='ocrx_word' id='word_1_413' title='bbox 1072 3096 1140 3132; x_wconf 85' lang='grc' dir='ltr'>τῶν</span> <span class='ocrx_word' id='word_1_414' title='bbox 1160 3096 1280 3147; x_wconf 80' lang='grc' dir='ltr'>ἐντυγ-</span> 
     </span>
     <span class='ocr_line' id='line_1_52' title="bbox 248 3149 1276 3205; baseline 0.003 -15"><span class='ocrx_word' id='word_1_415' title='bbox 248 3150 423 3205; x_wconf 86' lang='grc' dir='ltr'>χανόντων</span> <span class='ocrx_word' id='word_1_416' title='bbox 443 3149 503 3189; x_wconf 74' lang='grc' dir='ltr'>καὶ</span> <span class='ocrx_word' id='word_1_417' title='bbox 525 3149 625 3193; x_wconf 78' lang='grc' dir='ltr'>αὐτὸς</span> <span class='ocrx_word' id='word_1_418' title='bbox 646 3149 873 3202; x_wconf 85' lang='grc' dir='ltr'>διαφέρουσαν</span> <span class='ocrx_word' id='word_1_419' title='bbox 893 3149 956 3197; x_wconf 86' lang='grc' dir='ltr'>τὴν</span> <span class='ocrx_word' id='word_1_420' title='bbox 975 3151 1111 3201; x_wconf 79' lang='grc' dir='ltr'>ὁμιλίαν</span> <span class='ocrx_word' id='word_1_421' title='bbox 1133 3151 1276 3199; x_wconf 83' lang='grc' dir='ltr'>ποιήσε-</span> 
     </span>
     <span class='ocr_line' id='line_1_53' title="bbox 249 3208 1275 3262; baseline 0.002 -13"><span class='ocrx_word' id='word_1_422' title='bbox 249 3226 329 3258; x_wconf 77' lang='grc' dir='ltr'>ται,</span> <span class='ocrx_word' id='word_1_423' title='bbox 350 3210 410 3249; x_wconf 80' lang='grc' dir='ltr'>καὶ</span> <span class='ocrx_word' id='word_1_424' title='bbox 442 3208 614 3249; x_wconf 83' lang='grc' dir='ltr'>ἐπαινέσει</span> <span class='ocrx_word' id='word_1_425' title='bbox 648 3210 694 3252; x_wconf 81' lang='grc' dir='ltr'>ὥς</span> <span class='ocrx_word' id='word_1_426' title='bbox 713 3209 765 3246; x_wconf 88' lang='grc' dir='ltr'>δεῖ</span> <span class='ocrx_word' id='word_1_427' title='bbox 786 3208 956 3260; x_wconf 79' lang='grc' dir='ltr'>ἕκαστον,</span> <span class='ocrx_word' id='word_1_428' title='bbox 991 3210 1049 3247; x_wconf 85' lang='grc' dir='ltr'>καὶ</span> <span class='ocrx_word' id='word_1_429' title='bbox 1073 3212 1275 3262; x_wconf 82' lang='grc' dir='ltr'>ἐπιτιμήσεὶ</span> 
     </span>
    </p>
   </div>
   <div class='ocr_carea' id='block_1_7' title="bbox 1358 365 2473 462">
    <p class='ocr_par' dir='ltr' id='par_1_10' title="bbox 1358 365 2474 462">
     <span class='ocr_line' id='line_1_54' title="bbox 1360 365 2473 414; baseline 0.01 -18"><span class='ocrx_word' id='word_1_430' title='bbox 1360 367 1572 398; x_wconf 83' lang='lat' dir='ltr'>cernuntur:</span> <span class='ocrx_word' id='word_1_431' title='bbox 1593 365 1627 398; x_wconf 91' lang='lat' dir='ltr'>in</span> <span class='ocrx_word' id='word_1_432' title='bbox 1648 365 1701 398; x_wconf 91' lang='lat' dir='ltr'>his</span> <span class='ocrx_word' id='word_1_433' title='bbox 1722 373 1799 407; x_wconf 82' lang='lat' dir='ltr'>ergo</span> <span class='ocrx_word' id='word_1_434' title='bbox 1818 369 1876 399; x_wconf 88' lang='lat' dir='ltr'>aut</span> <span class='ocrx_word' id='word_1_435' title='bbox 1902 368 2074 403; x_wconf 75' lang='lat' dir='ltr'><strong>laudamus</strong></span> <span class='ocrx_word' id='word_1_436' title='bbox 2103 373 2162 404; x_wconf 85' lang='lat' dir='ltr'>aut</span> <span class='ocrx_word' id='word_1_437' title='bbox 2182 371 2390 414; x_wconf 64' lang='lat' dir='ltr'>reprehendis·</span> <span class='ocrx_word' id='word_1_438' title='bbox 2451 381 2473 406; x_wconf 68' lang='grc'>.“.</span> 
     </span>
     <span class='ocr_line' id='line_1_55' title="bbox 1358 417 2459 462; baseline 0.01 -14"><span class='ocrx_word' id='word_1_439' title='bbox 1358 425 1434 449; x_wconf 89' lang='lat' dir='ltr'>mus</span> <span class='ocrx_word' id='word_1_440' title='bbox 1454 417 1609 460; x_wconf 81' lang='lat' dir='ltr'><strong>aliquem.</strong></span> <span class='ocrx_word' id='word_1_441' title='bbox 1634 419 1745 456; x_wconf 88' lang='lat' dir='ltr'>Quum</span> <span class='ocrx_word' id='word_1_442' title='bbox 1761 420 1871 451; x_wconf 83' lang='lat' dir='ltr'>autem</span> <span class='ocrx_word' id='word_1_443' title='bbox 1893 419 2020 454; x_wconf 86' lang='lat' dir='ltr'>laudari</span> <span class='ocrx_word' id='word_1_444' title='bbox 2038 422 2264 462; x_wconf 85' lang='lat' dir='ltr'>mediocritas,</span> <span class='ocrx_word' id='word_1_445' title='bbox 2282 424 2390 458; x_wconf 62' lang='lat' dir='ltr'>abun,-</span> <span class='ocrx_word' id='word_1_446' title='bbox 2455 429 2459 431; x_wconf 71' lang='grc'><strong>’</strong></span> 
     </span>
    </p>
   </div>
   <div class='ocr_carea' id='block_1_8' title="bbox 1356 467 2391 1224">
    <p class='ocr_par' dir='ltr' id='par_1_11' title="bbox 1358 467 2391 818">
     <span class='ocr_line' id='line_1_56' title="bbox 1362 467 2382 518; baseline 0.009 -18"><span class='ocrx_word' id='word_1_447' title='bbox 1362 467 1473 501; x_wconf 87' lang='lat' dir='ltr'>dantia</span> <span class='ocrx_word' id='word_1_448' title='bbox 1488 477 1567 502; x_wconf 86' lang='lat' dir='ltr'>vero</span> <span class='ocrx_word' id='word_1_449' title='bbox 1581 478 1620 502; x_wconf 87' lang='lat' dir='ltr'>ac</span> <span class='ocrx_word' id='word_1_450' title='bbox 1635 468 1799 510; x_wconf 86' lang='lat' dir='ltr'>defectus,</span> <span class='ocrx_word' id='word_1_451' title='bbox 1815 470 1885 504; x_wconf 88' lang='lat' dir='ltr'>sive</span> <span class='ocrx_word' id='word_1_452' title='bbox 1900 471 2038 504; x_wconf 86' lang='lat' dir='ltr'>nimium</span> <span class='ocrx_word' id='word_1_453' title='bbox 2048 474 2082 506; x_wconf 87' lang='lat' dir='ltr'>et</span> <span class='ocrx_word' id='word_1_454' title='bbox 2101 483 2234 516; x_wconf 87' lang='lat' dir='ltr'>parum,</span> <span class='ocrx_word' id='word_1_455' title='bbox 2258 475 2382 518; x_wconf 78' lang='lat' dir='ltr'>vitupo-</span> 
     </span>
     <span class='ocr_line' id='line_1_57' title="bbox 1360 520 2391 565; baseline 0.011 -13"><span class='ocrx_word' id='word_1_456' title='bbox 1360 520 1424 553; x_wconf 87' lang='lat' dir='ltr'>rari</span> <span class='ocrx_word' id='word_1_457' title='bbox 1441 520 1591 560; x_wconf 87' lang='lat' dir='ltr'>debeant,</span> <span class='ocrx_word' id='word_1_458' title='bbox 1609 521 1819 556; x_wconf 86' lang='lat' dir='ltr'>manifestum</span> <span class='ocrx_word' id='word_1_459' title='bbox 1839 525 1910 565; x_wconf 78' lang='lat' dir='ltr'>est,</span> <span class='ocrx_word' id='word_1_460' title='bbox 1934 524 1967 556; x_wconf 89' lang='lat' dir='ltr'>in</span> <span class='ocrx_word' id='word_1_461' title='bbox 1985 524 2048 557; x_wconf 90' lang='lat' dir='ltr'>hac</span> <span class='ocrx_word' id='word_1_462' title='bbox 2066 525 2166 559; x_wconf 88' lang='lat' dir='ltr'>etiam</span> <span class='ocrx_word' id='word_1_463' title='bbox 2190 526 2270 561; x_wconf 76' lang='lat' dir='ltr'>vitae</span> <span class='ocrx_word' id='word_1_464' title='bbox 2286 528 2391 563; x_wconf 85' lang='lat' dir='ltr'>socie-</span> 
     </span>
     <span class='ocr_line' id='line_1_58' title="bbox 1359 573 2387 621; baseline 0.011 -17"><span class='ocrx_word' id='word_1_465' title='bbox 1359 573 1427 605; x_wconf 86' lang='lat' dir='ltr'>tate</span> <span class='ocrx_word' id='word_1_466' title='bbox 1444 574 1518 606; x_wconf 91' lang='lat' dir='ltr'>tum</span> <span class='ocrx_word' id='word_1_467' title='bbox 1531 573 1670 606; x_wconf 91' lang='lat' dir='ltr'>nimium</span> <span class='ocrx_word' id='word_1_468' title='bbox 1688 583 1759 608; x_wconf 89' lang='lat' dir='ltr'>esse</span> <span class='ocrx_word' id='word_1_469' title='bbox 1775 576 1849 609; x_wconf 84' lang='lat' dir='ltr'>tum</span> <span class='ocrx_word' id='word_1_470' title='bbox 1860 585 1990 618; x_wconf 77' lang='lat' dir='ltr'>parum,</span> <span class='ocrx_word' id='word_1_471' title='bbox 2010 578 2083 610; x_wconf 90' lang='lat' dir='ltr'>tum</span> <span class='ocrx_word' id='word_1_472' title='bbox 2101 578 2362 615; x_wconf 70' lang='lat' dir='ltr'>mediocritatem</span> <span class='ocrx_word' id='word_1_473' title='bbox 2377 593 2387 621; x_wconf 68' lang='grc' dir='ltr'>ι</span> 
     </span>
     <span class='ocr_line' id='line_1_59' title="bbox 1360 624 2390 671; baseline 0.009 -15"><span class='ocrx_word' id='word_1_474' title='bbox 1360 624 1415 656; x_wconf 89' lang='lat' dir='ltr'>alii</span> <span class='ocrx_word' id='word_1_475' title='bbox 1438 625 1524 657; x_wconf 89' lang='lat' dir='ltr'>enim</span> <span class='ocrx_word' id='word_1_476' title='bbox 1539 625 1580 659; x_wconf 87' lang='lat' dir='ltr'>iis</span> <span class='ocrx_word' id='word_1_477' title='bbox 1596 626 1796 669; x_wconf 85' lang='lat' dir='ltr'><strong>quibuscum</strong></span> <span class='ocrx_word' id='word_1_478' title='bbox 1819 627 1967 670; x_wconf 79' lang='lat' dir='ltr'>quotidie</span> <span class='ocrx_word' id='word_1_479' title='bbox 1983 629 2235 671; x_wconf 76' lang='lat' dir='ltr'>congrediuntur</span> <span class='ocrx_word' id='word_1_480' title='bbox 2253 630 2390 665; x_wconf 78' lang='lat' dir='ltr'>minime</span> 
     </span>
     <span class='ocr_line' id='line_1_60' title="bbox 1359 677 2384 723; baseline 0.007 -13"><span class='ocrx_word' id='word_1_481' title='bbox 1359 677 1488 711; x_wconf 87' lang='lat' dir='ltr'>molesti</span> <span class='ocrx_word' id='word_1_482' title='bbox 1495 687 1567 712; x_wconf 87' lang='lat' dir='ltr'>esse</span> <span class='ocrx_word' id='word_1_483' title='bbox 1577 680 1705 720; x_wconf 91' lang='lat' dir='ltr'>volunt,</span> <span class='ocrx_word' id='word_1_484' title='bbox 1716 682 1816 723; x_wconf 90' lang='lat' dir='ltr'>atque</span> <span class='ocrx_word' id='word_1_485' title='bbox 1827 680 1949 714; x_wconf 83' lang='lat' dir='ltr'>idcirco</span> <span class='ocrx_word' id='word_1_486' title='bbox 1961 681 2069 714; x_wconf 89' lang='lat' dir='ltr'>omnia</span> <span class='ocrx_word' id='word_1_487' title='bbox 2079 681 2215 716; x_wconf 87' lang='lat' dir='ltr'>laudant</span> <span class='ocrx_word' id='word_1_488' title='bbox 2227 682 2384 717; x_wconf 72' lang='lat' dir='ltr'>omnium-</span> 
     </span>
     <span class='ocr_line' id='line_1_61' title="bbox 1361 732 2390 778; baseline 0.009 -16"><span class='ocrx_word' id='word_1_489' title='bbox 1361 739 1427 772; x_wconf 86' lang='lat' dir='ltr'>que</span> <span class='ocrx_word' id='word_1_490' title='bbox 1439 732 1617 765; x_wconf 89' lang='lat' dir='ltr'>sententias</span> <span class='ocrx_word' id='word_1_491' title='bbox 1632 734 1770 775; x_wconf 87' lang='lat' dir='ltr'>probare</span> <span class='ocrx_word' id='word_1_492' title='bbox 1788 734 1893 766; x_wconf 85' lang='lat' dir='ltr'>videri</span> <span class='ocrx_word' id='word_1_493' title='bbox 1910 734 2034 773; x_wconf 80' lang='lat' dir='ltr'>volunt,</span> <span class='ocrx_word' id='word_1_494' title='bbox 2053 743 2160 777; x_wconf 85' lang='lat' dir='ltr'>neque</span> <span class='ocrx_word' id='word_1_495' title='bbox 2179 744 2327 778; x_wconf 85' lang='lat' dir='ltr'>unquam</span> <span class='ocrx_word' id='word_1_496' title='bbox 2347 736 2390 772; x_wconf 71' lang='lat' dir='ltr'>ab</span> 
     </span>
     <span class='ocr_line' id='line_1_62' title="bbox 1358 782 1650 818; baseline 0.007 -3"><span class='ocrx_word' id='word_1_497' title='bbox 1358 782 1430 815; x_wconf 89' lang='lat' dir='ltr'>aliis</span> <span class='ocrx_word' id='word_1_498' title='bbox 1445 782 1650 818; x_wconf 87' lang='lat' dir='ltr'>dissentiunt.</span> 
     </span>
    </p>

    <p class='ocr_par' dir='ltr' id='par_1_12' title="bbox 1357 841 2388 1048">
     <span class='ocr_line' id='line_1_63' title="bbox 1398 841 2388 887; baseline 0.006 -14"><span class='ocrx_word' id='word_1_499' title='bbox 1398 841 1463 874; x_wconf 83' lang='lat' dir='ltr'>Alii</span> <span class='ocrx_word' id='word_1_500' title='bbox 1477 842 1600 876; x_wconf 80' lang='lat' dir='ltr'>directe</span> <span class='ocrx_word' id='word_1_501' title='bbox 1616 852 1692 876; x_wconf 85' lang='lat' dir='ltr'>oum</span> <span class='ocrx_word' id='word_1_502' title='bbox 1708 844 1762 877; x_wconf 89' lang='lat' dir='ltr'>his</span> <span class='ocrx_word' id='word_1_503' title='bbox 1777 846 1943 887; x_wconf 82' lang='lat' dir='ltr'>pugnant,</span> <span class='ocrx_word' id='word_1_504' title='bbox 1963 845 2022 887; x_wconf 88' lang='lat' dir='ltr'>qui</span> <span class='ocrx_word' id='word_1_505' title='bbox 2037 845 2167 879; x_wconf 85' lang='lat' dir='ltr'>molesti</span> <span class='ocrx_word' id='word_1_506' title='bbox 2188 847 2265 879; x_wconf 83' lang='lat' dir='ltr'>sunt</span> <span class='ocrx_word' id='word_1_507' title='bbox 2282 843 2388 879; x_wconf 82' lang='lat' dir='ltr'>omni·-</span> 
     </span>
     <span class='ocr_line' id='line_1_64' title="bbox 1358 897 2387 947; baseline 0.01 -17"><span class='ocrx_word' id='word_1_508' title='bbox 1358 897 1420 930; x_wconf 87' lang='lat' dir='ltr'>bus</span> <span class='ocrx_word' id='word_1_509' title='bbox 1431 923 1439 937; x_wconf 89' lang='lat'><em>,</em></span> <span class='ocrx_word' id='word_1_510' title='bbox 1456 899 1565 932; x_wconf 84' lang='lat' dir='ltr'>omnia</span> <span class='ocrx_word' id='word_1_511' title='bbox 1595 900 1800 943; x_wconf 75' lang='lat' dir='ltr'>vituperant,</span> <span class='ocrx_word' id='word_1_512' title='bbox 1829 911 1938 945; x_wconf 91' lang='lat' dir='ltr'>neque</span> <span class='ocrx_word' id='word_1_513' title='bbox 1953 903 2147 946; x_wconf 77' lang='lat' dir='ltr'>‘quidquam</span> <span class='ocrx_word' id='word_1_514' title='bbox 2175 912 2292 939; x_wconf 84' lang='lat' dir='ltr'>eorum</span> <span class='ocrx_word' id='word_1_515' title='bbox 2314 912 2387 947; x_wconf 66' lang='lat' dir='ltr'><strong>‹111oe</strong></span> 
     </span>
     <span class='ocr_line' id='line_1_65' title="bbox 1358 953 2385 1002; baseline 0.008 -14"><span class='ocrx_word' id='word_1_516' title='bbox 1358 953 1440 988; x_wconf 86' lang='lat' dir='ltr'>fiunt</span> <span class='ocrx_word' id='word_1_517' title='bbox 1468 957 1684 999; x_wconf 81' lang='lat' dir='ltr'>approbantes</span> <span class='ocrx_word' id='word_1_518' title='bbox 1708 959 1749 992; x_wconf 91' lang='lat' dir='ltr'>de</span> <span class='ocrx_word' id='word_1_519' title='bbox 1763 960 1911 1002; x_wconf 87' lang='lat' dir='ltr'>qualibet</span> <span class='ocrx_word' id='word_1_520' title='bbox 1937 969 1974 993; x_wconf 90' lang='lat' dir='ltr'>re</span> <span class='ocrx_word' id='word_1_521' title='bbox 1991 970 2067 994; x_wconf 87' lang='lat' dir='ltr'>oum</span> <span class='ocrx_word' id='word_1_522' title='bbox 2081 961 2234 996; x_wconf 85' lang='lat' dir='ltr'>omnibus</span> <span class='ocrx_word' id='word_1_523' title='bbox 2253 963 2385 996; x_wconf 74' lang='lat' dir='ltr'>eonten-</span> 
     </span>
     <span class='ocr_line' id='line_1_66' title="bbox 1357 1014 1451 1048; baseline 0.011 -1"><span class='ocrx_word' id='word_1_524' title='bbox 1357 1014 1451 1048; x_wconf 90' lang='lat' dir='ltr'>dunt.</span> 
     </span>
    </p>

    <p class='ocr_par' dir='ltr' id='par_1_13' title="bbox 1356 1073 2391 1224">
     <span class='ocr_line' id='line_1_67' title="bbox 1397 1073 2389 1122; baseline 0.008 -17"><span class='ocrx_word' id='word_1_525' title='bbox 1397 1073 1441 1105; x_wconf 87' lang='lat' dir='ltr'>Hi</span> <span class='ocrx_word' id='word_1_526' title='bbox 1455 1073 1551 1107; x_wconf 92' lang='lat' dir='ltr'>ambo</span> <span class='ocrx_word' id='word_1_527' title='bbox 1566 1074 1682 1117; x_wconf 90' lang='lat' dir='ltr'>utique</span> <span class='ocrx_word' id='word_1_528' title='bbox 1695 1076 1934 1118; x_wconf 86' lang='lat' dir='ltr'>vituperantur.</span> <span class='ocrx_word' id='word_1_529' title='bbox 1955 1078 2002 1110; x_wconf 79' lang='lat' dir='ltr'>Ac</span> <span class='ocrx_word' id='word_1_530' title='bbox 2012 1078 2168 1111; x_wconf 86' lang='lat' dir='ltr'>laudatur</span> <span class='ocrx_word' id='word_1_531' title='bbox 2185 1078 2321 1121; x_wconf 82' lang='lat' dir='ltr'>quidem</span> <span class='ocrx_word' id='word_1_532' title='bbox 2332 1078 2389 1122; x_wconf 71' lang='lat' dir='ltr'>qni</span> 
     </span>
     <span class='ocr_line' id='line_1_68' title="bbox 1356 1123 2391 1173; baseline 0.007 -16"><span class='ocrx_word' id='word_1_533' title='bbox 1356 1123 1511 1158; x_wconf 91' lang='lat' dir='ltr'>decenter</span> <span class='ocrx_word' id='word_1_534' title='bbox 1525 1125 1597 1159; x_wconf 83' lang='lat' dir='ltr'>haec</span> <span class='ocrx_word' id='word_1_535' title='bbox 1613 1125 1711 1166; x_wconf 88' lang='lat' dir='ltr'>facit,</span> <span class='ocrx_word' id='word_1_536' title='bbox 1735 1127 1798 1160; x_wconf 87' lang='lat' dir='ltr'>hoe</span> <span class='ocrx_word' id='word_1_537' title='bbox 1812 1130 1879 1167; x_wconf 79' lang='lat' dir='ltr'>est,</span> <span class='ocrx_word' id='word_1_538' title='bbox 1901 1129 1960 1171; x_wconf 88' lang='lat' dir='ltr'>qui</span> <span class='ocrx_word' id='word_1_539' title='bbox 1974 1129 2204 1171; x_wconf 74' lang='lat' dir='ltr'>vituperabilia</span> <span class='ocrx_word' id='word_1_540' title='bbox 2222 1129 2391 1173; x_wconf 71' lang='lat' dir='ltr'>vimperat</span> 
     </span>
     <span class='ocr_line' id='line_1_69' title="bbox 1357 1176 2390 1224; baseline 0.008 -15"><span class='ocrx_word' id='word_1_541' title='bbox 1357 1178 1391 1209; x_wconf 88' lang='lat' dir='ltr'>et</span> <span class='ocrx_word' id='word_1_542' title='bbox 1408 1177 1584 1211; x_wconf 84' lang='lat' dir='ltr'>laudabilia</span> <span class='ocrx_word' id='word_1_543' title='bbox 1607 1179 1732 1218; x_wconf 78' lang='lat' dir='ltr'>laudat,</span> <span class='ocrx_word' id='word_1_544' title='bbox 1753 1180 1794 1213; x_wconf 90' lang='lat' dir='ltr'>iis</span> <span class='ocrx_word' id='word_1_545' title='bbox 1813 1180 1974 1223; x_wconf 86' lang='lat' dir='ltr'>denique,</span> <span class='ocrx_word' id='word_1_546' title='bbox 1997 1181 2119 1224; x_wconf 84' lang='lat' dir='ltr'>quibus</span> <span class='ocrx_word' id='word_1_547' title='bbox 2147 1176 2317 1224; x_wconf 72' lang='lat' dir='ltr'>astipulari</span> <span class='ocrx_word' id='word_1_548' title='bbox 2329 1181 2390 1217; x_wconf 74' lang='lat' dir='ltr'>de-</span> 
     </span>
    </p>
   </div>
   <div class='ocr_carea' id='block_1_9' title="bbox 1356 1229 2391 1328">
    <p class='ocr_par' dir='ltr' id='par_1_14' title="bbox 1356 1229 2391 1328">
     <span class='ocr_line' id='line_1_70' title="bbox 1356 1229 2373 1276; baseline 0.007 -15"><span class='ocrx_word' id='word_1_549' title='bbox 1356 1229 1430 1267; x_wconf 88' lang='lat' dir='ltr'>bet,</span> <span class='ocrx_word' id='word_1_550' title='bbox 1459 1230 1668 1272; x_wconf 85' lang='lat' dir='ltr'>astipulatur.</span> <span class='ocrx_word' id='word_1_551' title='bbox 1710 1233 1818 1274; x_wconf 83' lang='lat' dir='ltr'>Atque</span> <span class='ocrx_word' id='word_1_552' title='bbox 1841 1232 1872 1266; x_wconf 90' lang='lat' dir='ltr'>is</span> <span class='ocrx_word' id='word_1_553' title='bbox 1895 1233 2030 1275; x_wconf 86' lang='lat' dir='ltr'>quidem</span> <span class='ocrx_word' id='word_1_554' title='bbox 2049 1233 2109 1276; x_wconf 85' lang='lat' dir='ltr'>qui</span> <span class='ocrx_word' id='word_1_555' title='bbox 2127 1233 2238 1268; x_wconf 73' lang='lat' dir='ltr'>omnia</span> <span class='ocrx_word' id='word_1_556' title='bbox 2254 1231 2373 1268; x_wconf 71' lang='lat' dir='ltr'>laudat</span> 
     </span>
     <span class='ocr_line' id='line_1_71' title="bbox 1357 1280 2391 1328; baseline 0.007 -16"><span class='ocrx_word' id='word_1_557' title='bbox 1357 1280 1497 1313; x_wconf 86' lang='lat' dir='ltr'>blandus</span> <span class='ocrx_word' id='word_1_558' title='bbox 1510 1283 1544 1314; x_wconf 91' lang='lat' dir='ltr'>et</span> <span class='ocrx_word' id='word_1_559' title='bbox 1557 1281 1709 1315; x_wconf 87' lang='lat' dir='ltr'>adulator</span> <span class='ocrx_word' id='word_1_560' title='bbox 1730 1282 1852 1316; x_wconf 89' lang='lat' dir='ltr'>dicitur</span> <span class='ocrx_word' id='word_1_561' title='bbox 1872 1295 1880 1316; x_wconf 70' lang='grc' dir='ltr'>ε</span> <span class='ocrx_word' id='word_1_562' title='bbox 1902 1284 1961 1326; x_wconf 88' lang='lat' dir='ltr'>qui</span> <span class='ocrx_word' id='word_1_563' title='bbox 1979 1293 2058 1317; x_wconf 89' lang='lat' dir='ltr'>vero</span> <span class='ocrx_word' id='word_1_564' title='bbox 2076 1285 2194 1318; x_wconf 86' lang='lat' dir='ltr'>cuncta</span> <span class='ocrx_word' id='word_1_565' title='bbox 2211 1284 2391 1328; x_wconf 70' lang='lat' dir='ltr'>reprehen-</span> 
     </span>
    </p>
   </div>
   <div class='ocr_carea' id='block_1_10' title="bbox 1356 1331 2407 1381">
    <p class='ocr_par' dir='ltr' id='par_1_15' title="bbox 1356 1331 2407 1381">
     <span class='ocr_line' id='line_1_72' title="bbox 1356 1331 2407 1381; baseline 0.009 -19"><span class='ocrx_word' id='word_1_566' title='bbox 1356 1331 1405 1363; x_wconf 86' lang='lat' dir='ltr'>dit</span> <span class='ocrx_word' id='word_1_567' title='bbox 1413 1357 1423 1381; x_wconf 34' lang='lat'>¹,</span> <span class='ocrx_word' id='word_1_568' title='bbox 1442 1341 1592 1366; x_wconf 89' lang='lat' dir='ltr'>morosus</span> <span class='ocrx_word' id='word_1_569' title='bbox 1606 1346 1614 1367; x_wconf 70' lang='grc' dir='ltr'>ι</span> <span class='ocrx_word' id='word_1_570' title='bbox 1628 1333 1687 1376; x_wconf 90' lang='lat' dir='ltr'>qui</span> <span class='ocrx_word' id='word_1_571' title='bbox 1699 1334 1842 1377; x_wconf 85' lang='lat' dir='ltr'>denique</span> <span class='ocrx_word' id='word_1_572' title='bbox 1860 1335 1903 1368; x_wconf 88' lang='lat' dir='ltr'>ad</span> <span class='ocrx_word' id='word_1_573' title='bbox 1916 1344 1987 1368; x_wconf 91' lang='lat' dir='ltr'>rem</span> <span class='ocrx_word' id='word_1_574' title='bbox 2004 1345 2080 1379; x_wconf 82' lang='lat' dir='ltr'>quae</span> <span class='ocrx_word' id='word_1_575' title='bbox 2093 1336 2218 1379; x_wconf 78' lang='lat' dir='ltr'>geritur</span> <span class='ocrx_word' id='word_1_576' title='bbox 2228 1335 2388 1379; x_wconf 74' lang='lat' dir='ltr'>judicium</span> <span class='ocrx_word' id='word_1_577' title='bbox 2405 1347 2407 1350; x_wconf 89' lang='lat'>·</span> 
     </span>
    </p>
   </div>
   <div class='ocr_carea' id='block_1_11' title="bbox 1355 1385 2388 1484">
    <p class='ocr_par' dir='ltr' id='par_1_16' title="bbox 1355 1385 2388 1484">
     <span class='ocr_line' id='line_1_73' title="bbox 1357 1385 2387 1434; baseline 0.006 -17"><span class='ocrx_word' id='word_1_578' title='bbox 1357 1385 1599 1426; x_wconf 85' lang='lat' dir='ltr'>accommodat,</span> <span class='ocrx_word' id='word_1_579' title='bbox 1621 1386 1670 1419; x_wconf 90' lang='lat' dir='ltr'>ita</span> <span class='ocrx_word' id='word_1_580' title='bbox 1690 1388 1728 1419; x_wconf 91' lang='lat' dir='ltr'>ut</span> <span class='ocrx_word' id='word_1_581' title='bbox 1744 1387 1779 1419; x_wconf 89' lang='lat' dir='ltr'>in</span> <span class='ocrx_word' id='word_1_582' title='bbox 1802 1389 1946 1430; x_wconf 85' lang='lat' dir='ltr'>utroque</span> <span class='ocrx_word' id='word_1_583' title='bbox 1962 1397 2078 1431; x_wconf 78' lang='lat' dir='ltr'>genere</span> <span class='ocrx_word' id='word_1_584' title='bbox 2093 1397 2203 1431; x_wconf 79' lang='lat' dir='ltr'>neque</span> <span class='ocrx_word' id='word_1_585' title='bbox 2215 1386 2387 1434; x_wconf 13' lang='lat' dir='ltr'>*undando</span> 
     </span>
     <span class='ocr_line' id='line_1_74' title="bbox 1355 1438 2388 1484; baseline 0.005 -15"><span class='ocrx_word' id='word_1_586' title='bbox 1355 1446 1462 1479; x_wconf 87' lang='lat' dir='ltr'>neque</span> <span class='ocrx_word' id='word_1_587' title='bbox 1478 1438 1743 1480; x_wconf 85' lang='lat' dir='ltr'>reprehendendo</span> <span class='ocrx_word' id='word_1_588' title='bbox 1756 1441 1878 1481; x_wconf 88' lang='lat' dir='ltr'>peccet,</span> <span class='ocrx_word' id='word_1_589' title='bbox 1901 1440 2026 1474; x_wconf 79' lang='lat' dir='ltr'>amicus</span> <span class='ocrx_word' id='word_1_590' title='bbox 2039 1440 2220 1484; x_wconf 82' lang='lat' dir='ltr'>appelletur</span> <span class='ocrx_word' id='word_1_591' title='bbox 2233 1449 2244 1470; x_wconf 67' lang='grc' dir='ltr'><em>τ</em></span> <span class='ocrx_word' id='word_1_592' title='bbox 2257 1438 2388 1475; x_wconf 73' lang='lat' dir='ltr'>videtur</span> 
     </span>
    </p>
   </div>
   <div class='ocr_carea' id='block_1_12' title="bbox 1355 1490 2484 1533">
    <p class='ocr_par' dir='ltr' id='par_1_17' title="bbox 1355 1484 2505 1536">
     <span class='ocr_line' id='line_1_75' title="bbox 1355 1490 2484 1533; baseline 0.004 -12"><span class='ocrx_word' id='word_1_593' title='bbox 1355 1491 1468 1523; x_wconf 87' lang='lat' dir='ltr'>autem</span> <span class='ocrx_word' id='word_1_594' title='bbox 1481 1490 1590 1524; x_wconf 90' lang='lat' dir='ltr'>virtus</span> <span class='ocrx_word' id='word_1_595' title='bbox 1610 1491 1713 1533; x_wconf 88' lang='lat' dir='ltr'>ipsius</span> <span class='ocrx_word' id='word_1_596' title='bbox 1731 1491 1874 1524; x_wconf 85' lang='lat' dir='ltr'>amicitia</span> <span class='ocrx_word' id='word_1_597' title='bbox 1894 1501 1964 1526; x_wconf 84' lang='lat' dir='ltr'>esse</span> <span class='ocrx_word' id='word_1_598' title='bbox 1981 1501 2080 1526; x_wconf 85' lang='lat' dir='ltr'>:nam</span> <span class='ocrx_word' id='word_1_599' title='bbox 2096 1492 2157 1525; x_wconf 88' lang='lat' dir='ltr'>tali</span> <span class='ocrx_word' id='word_1_600' title='bbox 2170 1491 2387 1526; x_wconf 72' lang='lat' dir='ltr'>mediocritati</span> <span class='ocrx_word' id='word_1_601' title='bbox 2428 1522 2431 1524; x_wconf 69' lang='grc'>,</span> <span class='ocrx_word' id='word_1_602' title='bbox 2482 1527 2484 1530; x_wconf 68' lang='grc'>,</span> 
     </span>
    </p>
   </div>
   <div class='ocr_carea' id='block_1_13' title="bbox 1353 1543 2385 1744">
    <p class='ocr_par' dir='ltr' id='par_1_18' title="bbox 1353 1543 2385 1744">
     <span class='ocr_line' id='line_1_76' title="bbox 1354 1543 2382 1585; baseline 0.005 -10"><span class='ocrx_word' id='word_1_603' title='bbox 1354 1551 1472 1576; x_wconf 89' lang='lat' dir='ltr'>nomen</span> <span class='ocrx_word' id='word_1_604' title='bbox 1495 1552 1560 1576; x_wconf 90' lang='lat' dir='ltr'>non</span> <span class='ocrx_word' id='word_1_605' title='bbox 1582 1545 1632 1576; x_wconf 88' lang='lat' dir='ltr'>est</span> <span class='ocrx_word' id='word_1_606' title='bbox 1660 1543 1867 1585; x_wconf 87' lang='lat' dir='ltr'>impositum,</span> <span class='ocrx_word' id='word_1_607' title='bbox 1896 1545 1954 1578; x_wconf 86' lang='lat' dir='ltr'>sed</span> <span class='ocrx_word' id='word_1_608' title='bbox 1981 1555 2001 1578; x_wconf 88' lang='lat' dir='ltr'>a</span> <span class='ocrx_word' id='word_1_609' title='bbox 2019 1545 2118 1579; x_wconf 84' lang='lat' dir='ltr'>simili</span> <span class='ocrx_word' id='word_1_610' title='bbox 2145 1544 2382 1580; x_wconf 68' lang='lat' dir='ltr'>denominatur.</span> 
     </span>
     <span class='ocr_line' id='line_1_77' title="bbox 1354 1595 2385 1639; baseline 0.003 -11"><span class='ocrx_word' id='word_1_611' title='bbox 1354 1596 1481 1638; x_wconf 89' lang='lat' dir='ltr'>Quippe</span> <span class='ocrx_word' id='word_1_612' title='bbox 1495 1595 1683 1637; x_wconf 78' lang='lat' dir='ltr'>huiusmodi</span> <span class='ocrx_word' id='word_1_613' title='bbox 1708 1596 1840 1629; x_wconf 87' lang='lat' dir='ltr'>habitus</span> <span class='ocrx_word' id='word_1_614' title='bbox 1853 1621 1861 1637; x_wconf 89' lang='lat'>‚</span> <span class='ocrx_word' id='word_1_615' title='bbox 1880 1606 1984 1639; x_wconf 88' lang='lat' dir='ltr'>quum</span> <span class='ocrx_word' id='word_1_616' title='bbox 2002 1597 2131 1630; x_wconf 86' lang='lat' dir='ltr'>amandi</span> <span class='ocrx_word' id='word_1_617' title='bbox 2155 1595 2314 1630; x_wconf 77' lang='lat' dir='ltr'>affectum</span> <span class='ocrx_word' id='word_1_618' title='bbox 2327 1606 2385 1631; x_wconf 75' lang='lat' dir='ltr'>as·</span> 
     </span>
     <span class='ocr_line' id='line_1_78' title="bbox 1354 1648 2383 1691; baseline 0.004 -11"><span class='ocrx_word' id='word_1_619' title='bbox 1354 1649 1548 1690; x_wconf 84' lang='lat' dir='ltr'>sumpserit,</span> <span class='ocrx_word' id='word_1_620' title='bbox 1569 1649 1606 1680; x_wconf 81' lang='lat' dir='ltr'>fit</span> <span class='ocrx_word' id='word_1_621' title='bbox 1628 1649 1770 1681; x_wconf 86' lang='lat' dir='ltr'>amicitia</span> <span class='ocrx_word' id='word_1_622' title='bbox 1790 1658 1812 1689; x_wconf 70' lang='grc' dir='ltr'>,τ</span> <span class='ocrx_word' id='word_1_623' title='bbox 1835 1658 1874 1682; x_wconf 85' lang='lat' dir='ltr'>eo</span> <span class='ocrx_word' id='word_1_624' title='bbox 1903 1649 1989 1682; x_wconf 89' lang='lat' dir='ltr'>enim</span> <span class='ocrx_word' id='word_1_625' title='bbox 2018 1648 2129 1682; x_wconf 81' lang='lat' dir='ltr'>differt</span> <span class='ocrx_word' id='word_1_626' title='bbox 2152 1649 2194 1683; x_wconf 84' lang='lat' dir='ltr'>ab</span> <span class='ocrx_word' id='word_1_627' title='bbox 2220 1649 2383 1691; x_wconf 75' lang='lat' dir='ltr'>amicitia,</span> 
     </span>
     <span class='ocr_line' id='line_1_79' title="bbox 1353 1699 2384 1744; baseline 0.003 -12"><span class='ocrx_word' id='word_1_628' title='bbox 1353 1700 1442 1742; x_wconf 88' lang='lat' dir='ltr'>quod</span> <span class='ocrx_word' id='word_1_629' title='bbox 1460 1701 1579 1732; x_wconf 87' lang='lat' dir='ltr'>amoris</span> <span class='ocrx_word' id='word_1_630' title='bbox 1597 1699 1719 1733; x_wconf 79' lang='lat' dir='ltr'>affectu</span> <span class='ocrx_word' id='word_1_631' title='bbox 1736 1702 1835 1734; x_wconf 89' lang='lat' dir='ltr'>caret.</span> <span class='ocrx_word' id='word_1_632' title='bbox 1852 1702 1919 1734; x_wconf 87' lang='lat' dir='ltr'>Nec</span> <span class='ocrx_word' id='word_1_633' title='bbox 1942 1701 2029 1734; x_wconf 89' lang='lat' dir='ltr'>enim</span> <span class='ocrx_word' id='word_1_634' title='bbox 2045 1700 2125 1744; x_wconf 83' lang='lat' dir='ltr'>quia</span> <span class='ocrx_word' id='word_1_635' title='bbox 2140 1702 2198 1735; x_wconf 90' lang='lat' dir='ltr'>aut</span> <span class='ocrx_word' id='word_1_636' title='bbox 2215 1703 2306 1734; x_wconf 84' lang='lat' dir='ltr'>amat</span> <span class='ocrx_word' id='word_1_637' title='bbox 2325 1703 2384 1738; x_wconf 87' lang='lat' dir='ltr'>aut</span> 
     </span>
    </p>
   </div>
   <div class='ocr_carea' id='block_1_14' title="bbox 1351 1735 2485 1798">
    <p class='ocr_par' dir='ltr' id='par_1_19' title="bbox 1351 1735 2502 1798">
     <span class='ocr_line' id='line_1_80' title="bbox 1351 1735 2485 1798; baseline 0.003 -14"><span class='ocrx_word' id='word_1_638' title='bbox 1351 1752 1422 1785; x_wconf 85' lang='lat' dir='ltr'>odit</span> <span class='ocrx_word' id='word_1_639' title='bbox 1438 1761 1477 1785; x_wconf 87' lang='lat' dir='ltr'>ea</span> <span class='ocrx_word' id='word_1_640' title='bbox 1496 1761 1572 1795; x_wconf 85' lang='lat' dir='ltr'>quae</span> <span class='ocrx_word' id='word_1_641' title='bbox 1594 1752 1750 1785; x_wconf 89' lang='lat' dir='ltr'>dicuntur</span> <span class='ocrx_word' id='word_1_642' title='bbox 1766 1754 1799 1785; x_wconf 90' lang='lat' dir='ltr'>et</span> <span class='ocrx_word' id='word_1_643' title='bbox 1815 1752 1914 1792; x_wconf 82' lang='lat' dir='ltr'>flunt,</span> <span class='ocrx_word' id='word_1_644' title='bbox 1949 1753 2109 1795; x_wconf 83' lang='lat' dir='ltr'>approbat</span> <span class='ocrx_word' id='word_1_645' title='bbox 2130 1755 2188 1787; x_wconf 87' lang='lat' dir='ltr'>aut</span> <span class='ocrx_word' id='word_1_646' title='bbox 2210 1753 2382 1796; x_wconf 81' lang='lat' dir='ltr'>improbat,</span> <span class='ocrx_word' id='word_1_647' title='bbox 2442 1795 2443 1798; x_wconf 11' lang='grc' dir='ltr'><strong>Ἰ</strong></span> <span class='ocrx_word' id='word_1_648' title='bbox 2484 1735 2485 1739; x_wconf 12' lang='grc' dir='ltr'><strong>Ἰ</strong></span> 
     </span>
    </p>
   </div>
   <div class='ocr_carea' id='block_1_15' title="bbox 1350 1803 2385 2055">
    <p class='ocr_par' dir='ltr' id='par_1_20' title="bbox 1350 1803 2385 2055">
     <span class='ocr_line' id='line_1_81' title="bbox 1352 1803 2384 1847; baseline 0.003 -11"><span class='ocrx_word' id='word_1_649' title='bbox 1352 1804 1411 1837; x_wconf 85' lang='lat' dir='ltr'>sed</span> <span class='ocrx_word' id='word_1_650' title='bbox 1424 1803 1615 1846; x_wconf 88' lang='lat' dir='ltr'>simpliciter</span> <span class='ocrx_word' id='word_1_651' title='bbox 1629 1803 1758 1836; x_wconf 89' lang='lat' dir='ltr'>honesti</span> <span class='ocrx_word' id='word_1_652' title='bbox 1775 1812 1890 1844; x_wconf 88' lang='lat' dir='ltr'>causa,</span> <span class='ocrx_word' id='word_1_653' title='bbox 1914 1806 1947 1836; x_wconf 89' lang='lat' dir='ltr'>et</span> <span class='ocrx_word' id='word_1_654' title='bbox 1966 1804 2044 1846; x_wconf 90' lang='lat' dir='ltr'>quia</span> <span class='ocrx_word' id='word_1_655' title='bbox 2063 1803 2130 1837; x_wconf 89' lang='lat' dir='ltr'>tale</span> <span class='ocrx_word' id='word_1_656' title='bbox 2142 1804 2206 1838; x_wconf 90' lang='lat' dir='ltr'>sibi</span> <span class='ocrx_word' id='word_1_657' title='bbox 2220 1804 2384 1847; x_wconf 78' lang='lat' dir='ltr'>ingem&#39;um</span> 
     </span>
     <span class='ocr_line' id='line_1_82' title="bbox 1350 1856 2385 1900; baseline 0.003 -11"><span class='ocrx_word' id='word_1_658' title='bbox 1350 1856 1482 1890; x_wconf 84' lang='lat' dir='ltr'>induit:</span> <span class='ocrx_word' id='word_1_659' title='bbox 1501 1856 1657 1889; x_wconf 89' lang='lat' dir='ltr'>nimirum</span> <span class='ocrx_word' id='word_1_660' title='bbox 1675 1856 1791 1890; x_wconf 89' lang='lat' dir='ltr'>eodem</span> <span class='ocrx_word' id='word_1_661' title='bbox 1813 1856 1912 1890; x_wconf 89' lang='lat' dir='ltr'>modo</span> <span class='ocrx_word' id='word_1_662' title='bbox 1928 1865 2003 1898; x_wconf 85' lang='lat' dir='ltr'>erga</span> <span class='ocrx_word' id='word_1_663' title='bbox 2028 1858 2123 1890; x_wconf 86' lang='lat' dir='ltr'>notos</span> <span class='ocrx_word' id='word_1_664' title='bbox 2147 1859 2181 1890; x_wconf 89' lang='lat' dir='ltr'>et</span> <span class='ocrx_word' id='word_1_665' title='bbox 2202 1857 2329 1900; x_wconf 81' lang='lat' dir='ltr'>ignotos</span> <span class='ocrx_word' id='word_1_666' title='bbox 2349 1866 2385 1892; x_wconf 78' lang='lat' dir='ltr'>se</span> 
     </span>
     <span class='ocr_line' id='line_1_83' title="bbox 1350 1908 2384 1952; baseline 0.001 -9"><span class='ocrx_word' id='word_1_667' title='bbox 1350 1910 1451 1943; x_wconf 86' lang='lat' dir='ltr'>habet</span> <span class='ocrx_word' id='word_1_668' title='bbox 1461 1935 1469 1950; x_wconf 83' lang='lat'>‚</span> <span class='ocrx_word' id='word_1_669' title='bbox 1484 1919 1562 1951; x_wconf 86' lang='lat' dir='ltr'>erga</span> <span class='ocrx_word' id='word_1_670' title='bbox 1577 1908 1755 1942; x_wconf 88' lang='lat' dir='ltr'>familiares</span> <span class='ocrx_word' id='word_1_671' title='bbox 1767 1911 1801 1942; x_wconf 86' lang='lat' dir='ltr'>et</span> <span class='ocrx_word' id='word_1_672' title='bbox 1813 1909 1947 1950; x_wconf 87' lang='lat' dir='ltr'>alienos,</span> <span class='ocrx_word' id='word_1_673' title='bbox 1964 1909 2054 1952; x_wconf 88' lang='lat' dir='ltr'>quod</span> <span class='ocrx_word' id='word_1_674' title='bbox 2070 1909 2114 1942; x_wconf 86' lang='lat' dir='ltr'>ad</span> <span class='ocrx_word' id='word_1_675' title='bbox 2130 1909 2220 1943; x_wconf 86' lang='lat' dir='ltr'>hunc</span> <span class='ocrx_word' id='word_1_676' title='bbox 2233 1910 2384 1944; x_wconf 75' lang='lat' dir='ltr'>habitum</span> 
     </span>
     <span class='ocr_line' id='line_1_84' title="bbox 1351 1961 2384 2006; baseline 0.002 -12"><span class='ocrx_word' id='word_1_677' title='bbox 1351 1962 1480 1994; x_wconf 85' lang='lat' dir='ltr'>attinet.</span> <span class='ocrx_word' id='word_1_678' title='bbox 1511 1963 1611 1999; x_wconf 87' lang='lat' dir='ltr'>Nam,</span> <span class='ocrx_word' id='word_1_679' title='bbox 1642 1963 1804 2003; x_wconf 88' lang='lat' dir='ltr'>quantum</span> <span class='ocrx_word' id='word_1_680' title='bbox 1827 1962 1974 2003; x_wconf 86' lang='lat' dir='ltr'>oportet,</span> <span class='ocrx_word' id='word_1_681' title='bbox 1997 1963 2030 1994; x_wconf 85' lang='lat' dir='ltr'>et</span> <span class='ocrx_word' id='word_1_682' title='bbox 2055 1961 2232 1995; x_wconf 82' lang='lat' dir='ltr'>laudabilia</span> <span class='ocrx_word' id='word_1_683' title='bbox 2257 1971 2384 2006; x_wconf 82' lang='lat' dir='ltr'>semper</span> 
     </span>
     <span class='ocr_line' id='line_1_85' title="bbox 1350 2011 2383 2055; baseline 0.001 -9"><span class='ocrx_word' id='word_1_684' title='bbox 1350 2013 1464 2046; x_wconf 84' lang='lat' dir='ltr'>laudat</span> <span class='ocrx_word' id='word_1_685' title='bbox 1477 2014 1510 2046; x_wconf 92' lang='lat' dir='ltr'>et</span> <span class='ocrx_word' id='word_1_686' title='bbox 1528 2011 1758 2054; x_wconf 87' lang='lat' dir='ltr'>vituperabilia</span> <span class='ocrx_word' id='word_1_687' title='bbox 1775 2011 1943 2053; x_wconf 87' lang='lat' dir='ltr'>vituperat</span> <span class='ocrx_word' id='word_1_688' title='bbox 1970 2024 1978 2044; x_wconf 72' lang='grc' dir='ltr'>ι</span> <span class='ocrx_word' id='word_1_689' title='bbox 2001 2012 2060 2045; x_wconf 85' lang='lat' dir='ltr'>sed</span> <span class='ocrx_word' id='word_1_690' title='bbox 2076 2021 2142 2046; x_wconf 89' lang='lat' dir='ltr'>non</span> <span class='ocrx_word' id='word_1_691' title='bbox 2161 2013 2258 2055; x_wconf 85' lang='lat' dir='ltr'>plane</span> <span class='ocrx_word' id='word_1_692' title='bbox 2267 2013 2383 2047; x_wconf 85' lang='lat' dir='ltr'>eodem</span> 
     </span>
    </p>
   </div>
   <div class='ocr_carea' id='block_1_16' title="bbox 2415 0 2508 2065">
    <p class='ocr_par' dir='ltr' id='par_1_21' title="bbox 2415 0 2508 2065">
     <span class='ocr_line' id='line_1_86' title="bbox 2415 0 2508 2065; baseline 0 0"><span class='ocrx_word' id='word_1_693' title='bbox 2415 0 2508 2065; x_wconf 95' lang='lat' dir='ltr'> </span> 
     </span>
    </p>
   </div>
   <div class='ocr_carea' id='block_1_17' title="bbox 1349 2062 2489 2106">
    <p class='ocr_par' dir='ltr' id='par_1_22' title="bbox 1349 2062 2489 2106">
     <span class='ocr_line' id='line_1_87' title="bbox 1349 2062 2489 2106; baseline 0.002 -9"><span class='ocrx_word' id='word_1_694' title='bbox 1349 2064 1463 2106; x_wconf 84' lang='lat' dir='ltr'>modo,</span> <span class='ocrx_word' id='word_1_695' title='bbox 1482 2072 1589 2106; x_wconf 90' lang='lat' dir='ltr'>neque</span> <span class='ocrx_word' id='word_1_696' title='bbox 1614 2063 1701 2096; x_wconf 92' lang='lat' dir='ltr'>enim</span> <span class='ocrx_word' id='word_1_697' title='bbox 1718 2063 1776 2096; x_wconf 92' lang='lat' dir='ltr'>ubi</span> <span class='ocrx_word' id='word_1_698' title='bbox 1797 2062 1869 2096; x_wconf 85' lang='lat' dir='ltr'>fieri</span> <span class='ocrx_word' id='word_1_699' title='bbox 1889 2063 1954 2096; x_wconf 86' lang='lat' dir='ltr'>hoc</span> <span class='ocrx_word' id='word_1_700' title='bbox 1974 2072 2106 2097; x_wconf 86' lang='lat' dir='ltr'>necesse</span> <span class='ocrx_word' id='word_1_701' title='bbox 2126 2064 2189 2098; x_wconf 84' lang='lat' dir='ltr'>erit</span> <span class='ocrx_word' id='word_1_702' title='bbox 2201 2088 2212 2104; x_wconf 83' lang='lat'><strong>.</strong></span> <span class='ocrx_word' id='word_1_703' title='bbox 2232 2064 2382 2099; x_wconf 69' lang='lat' dir='ltr'>molesti·</span> <span class='ocrx_word' id='word_1_704' title='bbox 2420 2071 2422 2077; x_wconf 51' lang='lat'>⁸</span> <span class='ocrx_word' id='word_1_705' title='bbox 2483 2084 2489 2093; x_wconf 91' lang='lat'><em>·</em></span> 
     </span>
    </p>
   </div>
   <div class='ocr_carea' id='block_1_18' title="bbox 1349 2115 2383 2160">
    <p class='ocr_par' dir='ltr' id='par_1_23' title="bbox 1349 2115 2383 2160">
     <span class='ocr_line' id='line_1_88' title="bbox 1349 2115 2383 2160; baseline 0.002 -9"><span class='ocrx_word' id='word_1_706' title='bbox 1349 2127 1444 2160; x_wconf 81' lang='lat' dir='ltr'>aeque</span> <span class='ocrx_word' id='word_1_707' title='bbox 1469 2119 1565 2150; x_wconf 90' lang='lat' dir='ltr'>notos</span> <span class='ocrx_word' id='word_1_708' title='bbox 1594 2116 1715 2150; x_wconf 87' lang='lat' dir='ltr'>afficiet</span> <span class='ocrx_word' id='word_1_709' title='bbox 1743 2118 1844 2158; x_wconf 89' lang='lat' dir='ltr'>atque</span> <span class='ocrx_word' id='word_1_710' title='bbox 1860 2115 2013 2158; x_wconf 60' lang='lat' dir='ltr'>ignotos,</span> <span class='ocrx_word' id='word_1_711' title='bbox 2040 2116 2123 2150; x_wconf 89' lang='lat' dir='ltr'>item</span> <span class='ocrx_word' id='word_1_712' title='bbox 2147 2116 2324 2153; x_wconf 75' lang='lat' dir='ltr'>familiares</span> <span class='ocrx_word' id='word_1_713' title='bbox 2348 2119 2383 2152; x_wconf 75' lang='lat' dir='ltr'>et</span> 
     </span>
    </p>
   </div>
   <div class='ocr_carea' id='block_1_19' title="bbox 1348 2151 2493 2211">
    <p class='ocr_par' dir='ltr' id='par_1_24' title="bbox 1348 2151 2493 2211">
     <span class='ocr_line' id='line_1_89' title="bbox 1348 2151 2493 2211; baseline 0.001 -9"><span class='ocrx_word' id='word_1_714' title='bbox 1348 2169 1503 2203; x_wconf 87' lang='lat' dir='ltr'>alienos·</span> <span class='ocrx_word' id='word_1_715' title='bbox 1519 2166 1763 2211; x_wconf 79' lang='lat' dir='ltr'>similiterque</span> <span class='ocrx_word' id='word_1_716' title='bbox 1751 2176 1788 2200; x_wconf 88' lang='lat' dir='ltr'>m</span> <span class='ocrx_word' id='word_1_717' title='bbox 1801 2167 1972 2210; x_wconf 88' lang='lat' dir='ltr'>voluptate</span> <span class='ocrx_word' id='word_1_718' title='bbox 1990 2167 2072 2208; x_wconf 90' lang='lat' dir='ltr'>erit,</span> <span class='ocrx_word' id='word_1_719' title='bbox 2094 2176 2200 2211; x_wconf 80' lang='lat' dir='ltr'>neque</span> <span class='ocrx_word' id='word_1_720' title='bbox 2216 2168 2304 2202; x_wconf 83' lang='lat' dir='ltr'>enim</span> <span class='ocrx_word' id='word_1_721' title='bbox 2324 2177 2381 2203; x_wconf 82' lang='lat' dir='ltr'>ea-</span> <span class='ocrx_word' id='word_1_722' title='bbox 2449 2170 2454 2176; x_wconf 83' lang='lat'><strong><em>&#39;</em></strong></span> <span class='ocrx_word' id='word_1_723' title='bbox 2489 2151 2493 2174; x_wconf 55' lang='lat'>³</span> 
     </span>
    </p>
   </div>
   <div class='ocr_carea' id='block_1_20' title="bbox 1348 2220 1664 2255">
    <p class='ocr_par' dir='ltr' id='par_1_25' title="bbox 1348 2220 1664 2255">
     <span class='ocr_line' id='line_1_90' title="bbox 1348 2220 1664 2255; baseline -0.007 0"><span class='ocrx_word' id='word_1_724' title='bbox 1348 2221 1424 2255; x_wconf 90' lang='lat' dir='ltr'>dem</span> <span class='ocrx_word' id='word_1_725' title='bbox 1439 2220 1664 2255; x_wconf 85' lang='lat' dir='ltr'>conveniunt:</span> 
     </span>
    </p>
   </div>
   <div class='ocr_carea' id='block_1_21' title="bbox 1346 2335 2378 2435">
    <p class='ocr_par' dir='ltr' id='par_1_26' title="bbox 1346 2335 2378 2435">
     <span class='ocr_line' id='line_1_91' title="bbox 1346 2335 1876 2376; baseline -0.008 -4"><span class='ocrx_word' id='word_1_726' title='bbox 1346 2338 1441 2372; x_wconf 88' lang='lat' dir='ltr'>lestia</span> <span class='ocrx_word' id='word_1_727' title='bbox 1459 2337 1599 2376; x_wconf 87' lang='lat' dir='ltr'>afficiet,</span> <span class='ocrx_word' id='word_1_728' title='bbox 1621 2337 1673 2370; x_wconf 92' lang='lat' dir='ltr'>vel</span> <span class='ocrx_word' id='word_1_729' title='bbox 1689 2335 1876 2369; x_wconf 87' lang='lat' dir='ltr'>delectabit.</span> 
     </span>
     <span class='ocr_line' id='line_1_92' title="bbox 1387 2392 2378 2435; baseline 0 -6"><span class='ocrx_word' id='word_1_730' title='bbox 1387 2396 1517 2429; x_wconf 88' lang='lat' dir='ltr'>Etenim</span> <span class='ocrx_word' id='word_1_731' title='bbox 1535 2394 1612 2427; x_wconf 84' lang='lat' dir='ltr'>talis</span> <span class='ocrx_word' id='word_1_732' title='bbox 1627 2393 1761 2427; x_wconf 87' lang='lat' dir='ltr'>habitus</span> <span class='ocrx_word' id='word_1_733' title='bbox 1771 2393 1805 2426; x_wconf 93' lang='lat' dir='ltr'>in</span> <span class='ocrx_word' id='word_1_734' title='bbox 1828 2392 2054 2435; x_wconf 84' lang='lat' dir='ltr'>voluptatibus</span> <span class='ocrx_word' id='word_1_735' title='bbox 2070 2402 2110 2426; x_wconf 89' lang='lat' dir='ltr'>ac</span> <span class='ocrx_word' id='word_1_736' title='bbox 2132 2393 2293 2428; x_wconf 81' lang='lat' dir='ltr'>molestiis</span> <span class='ocrx_word' id='word_1_737' title='bbox 2307 2404 2378 2429; x_wconf 72' lang='lat' dir='ltr'>ven-</span> 
     </span>
    </p>
   </div>
   <div class='ocr_carea' id='block_1_22' title="bbox 1335 2453 2377 3253">
    <p class='ocr_par' dir='ltr' id='par_1_27' title="bbox 1335 2453 2377 3253">
     <span class='ocr_line' id='line_1_93' title="bbox 1346 2453 2377 2499; baseline -0.008 -9"><span class='ocrx_word' id='word_1_738' title='bbox 1346 2458 1449 2498; x_wconf 89' lang='lat' dir='ltr'>satur,</span> <span class='ocrx_word' id='word_1_739' title='bbox 1470 2465 1547 2499; x_wconf 83' lang='lat' dir='ltr'>quae</span> <span class='ocrx_word' id='word_1_740' title='bbox 1561 2464 1603 2488; x_wconf 76' lang='lat' dir='ltr'>ex</span> <span class='ocrx_word' id='word_1_741' title='bbox 1619 2453 1826 2488; x_wconf 78' lang='lat' dir='ltr'>sermonibus</span> <span class='ocrx_word' id='word_1_742' title='bbox 1843 2455 1877 2487; x_wconf 91' lang='lat' dir='ltr'>et</span> <span class='ocrx_word' id='word_1_743' title='bbox 1899 2453 2038 2486; x_wconf 81' lang='lat' dir='ltr'>coetibus</span> <span class='ocrx_word' id='word_1_744' title='bbox 2052 2453 2223 2487; x_wconf 91' lang='lat' dir='ltr'>hominum</span> <span class='ocrx_word' id='word_1_745' title='bbox 2242 2454 2377 2498; x_wconf 76' lang='lat' dir='ltr'>capiun-</span> 
     </span>
     <span class='ocr_line' id='line_1_94' title="bbox 1343 2512 2376 2557; baseline -0.002 -7"><span class='ocrx_word' id='word_1_746' title='bbox 1343 2519 1411 2550; x_wconf 88' lang='lat' dir='ltr'>tur.</span> <span class='ocrx_word' id='word_1_747' title='bbox 1466 2517 1575 2554; x_wconf 84' lang='lat' dir='ltr'>Quare</span> <span class='ocrx_word' id='word_1_748' title='bbox 1588 2521 1795 2557; x_wconf 83' lang='lat' dir='ltr'>quaecunque</span> <span class='ocrx_word' id='word_1_749' title='bbox 1811 2512 1997 2555; x_wconf 86' lang='lat' dir='ltr'>voluptates</span> <span class='ocrx_word' id='word_1_750' title='bbox 2020 2512 2063 2546; x_wconf 84' lang='lat' dir='ltr'>ad</span> <span class='ocrx_word' id='word_1_751' title='bbox 2085 2512 2291 2548; x_wconf 80' lang='lat' dir='ltr'>honestatem</span> <span class='ocrx_word' id='word_1_752' title='bbox 2311 2523 2376 2548; x_wconf 77' lang='lat' dir='ltr'>non</span> 
     </span>
     <span class='ocr_line' id='line_1_95' title="bbox 1343 2570 2376 2618; baseline -0.001 -9"><span class='ocrx_word' id='word_1_753' title='bbox 1343 2575 1493 2618; x_wconf 83' lang='lat' dir='ltr'>spectant</span> <span class='ocrx_word' id='word_1_754' title='bbox 1506 2598 1515 2613; x_wconf 83' lang='lat'>,</span> <span class='ocrx_word' id='word_1_755' title='bbox 1532 2572 1574 2606; x_wconf 88' lang='lat' dir='ltr'>iis</span> <span class='ocrx_word' id='word_1_756' title='bbox 1593 2581 1657 2605; x_wconf 89' lang='lat' dir='ltr'>non</span> <span class='ocrx_word' id='word_1_757' title='bbox 1680 2571 1810 2605; x_wconf 87' lang='lat' dir='ltr'>fruetur</span> <span class='ocrx_word' id='word_1_758' title='bbox 1833 2580 1909 2604; x_wconf 87' lang='lat' dir='ltr'>cum</span> <span class='ocrx_word' id='word_1_759' title='bbox 1925 2570 2115 2605; x_wconf 86' lang='lat' dir='ltr'>hominibus</span> <span class='ocrx_word' id='word_1_760' title='bbox 2137 2571 2260 2615; x_wconf 80' lang='lat' dir='ltr'>quibus</span> <span class='ocrx_word' id='word_1_761' title='bbox 2276 2572 2376 2608; x_wconf 75' lang='lat' dir='ltr'>fami-</span> 
     </span>
     <span class='ocr_line' id='line_1_96' title="bbox 1342 2629 2375 2673; baseline 0 -7"><span class='ocrx_word' id='word_1_762' title='bbox 1342 2634 1466 2666; x_wconf 86' lang='lat' dir='ltr'>liariter</span> <span class='ocrx_word' id='word_1_763' title='bbox 1483 2631 1599 2669; x_wconf 85' lang='lat' dir='ltr'>utitur,</span> <span class='ocrx_word' id='word_1_764' title='bbox 1627 2630 1686 2663; x_wconf 87' lang='lat' dir='ltr'>sed</span> <span class='ocrx_word' id='word_1_765' title='bbox 1697 2630 1808 2673; x_wconf 87' lang='lat' dir='ltr'>potius</span> <span class='ocrx_word' id='word_1_766' title='bbox 1825 2629 2030 2663; x_wconf 82' lang='lat' dir='ltr'>succensebit</span> <span class='ocrx_word' id='word_1_767' title='bbox 2047 2629 2105 2669; x_wconf 83' lang='lat' dir='ltr'>iis,</span> <span class='ocrx_word' id='word_1_768' title='bbox 2134 2630 2164 2664; x_wconf 83' lang='lat' dir='ltr'>si</span> <span class='ocrx_word' id='word_1_769' title='bbox 2182 2630 2306 2665; x_wconf 85' lang='lat' dir='ltr'>talibus</span> <span class='ocrx_word' id='word_1_770' title='bbox 2319 2640 2375 2667; x_wconf 85' lang='lat' dir='ltr'>re-</span> 
     </span>
     <span class='ocr_line' id='line_1_97' title="bbox 1341 2687 2373 2732; baseline -0.001 -8"><span class='ocrx_word' id='word_1_771' title='bbox 1341 2691 1404 2724; x_wconf 89' lang='lat' dir='ltr'>bus</span> <span class='ocrx_word' id='word_1_772' title='bbox 1418 2690 1624 2723; x_wconf 86' lang='lat' dir='ltr'>delectantur</span> <span class='ocrx_word' id='word_1_773' title='bbox 1643 2702 1651 2721; x_wconf 87' lang='lat'>:</span> <span class='ocrx_word' id='word_1_774' title='bbox 1671 2687 1894 2721; x_wconf 88' lang='lat' dir='ltr'>ethonestatis</span> <span class='ocrx_word' id='word_1_775' title='bbox 1913 2696 2011 2721; x_wconf 84' lang='lat' dir='ltr'>causa</span> <span class='ocrx_word' id='word_1_776' title='bbox 2030 2687 2188 2722; x_wconf 84' lang='lat' dir='ltr'>molestus</span> <span class='ocrx_word' id='word_1_777' title='bbox 2205 2698 2305 2732; x_wconf 84' lang='lat' dir='ltr'>quam</span> <span class='ocrx_word' id='word_1_778' title='bbox 2317 2690 2373 2730; x_wconf 83' lang='lat' dir='ltr'>ju·-</span> 
     </span>
     <span class='ocr_line' id='line_1_98' title="bbox 1341 2745 2372 2788; baseline 0 -6"><span class='ocrx_word' id='word_1_779' title='bbox 1341 2749 1469 2783; x_wconf 85' lang='lat' dir='ltr'>cundus</span> <span class='ocrx_word' id='word_1_780' title='bbox 1487 2746 1596 2780; x_wconf 87' lang='lat' dir='ltr'>videri</span> <span class='ocrx_word' id='word_1_781' title='bbox 1621 2746 1724 2779; x_wconf 87' lang='lat' dir='ltr'>malet</span> <span class='ocrx_word' id='word_1_782' title='bbox 1751 2758 1761 2779; x_wconf 75' lang='grc' dir='ltr'>ι</span> <span class='ocrx_word' id='word_1_783' title='bbox 1790 2746 1934 2779; x_wconf 86' lang='lat' dir='ltr'>maxime</span> <span class='ocrx_word' id='word_1_784' title='bbox 1954 2746 1982 2778; x_wconf 93' lang='lat' dir='ltr'>si</span> <span class='ocrx_word' id='word_1_785' title='bbox 2007 2746 2161 2788; x_wconf 81' lang='lat' dir='ltr'>voluptas</span> <span class='ocrx_word' id='word_1_786' title='bbox 2177 2745 2372 2782; x_wconf 82' lang='lat' dir='ltr'>facientibus</span> 
     </span>
     <span class='ocr_line' id='line_1_99' title="bbox 1339 2803 2370 2848; baseline 0 -8"><span class='ocrx_word' id='word_1_787' title='bbox 1339 2805 1492 2840; x_wconf 81' lang='lat' dir='ltr'>dedecori</span> <span class='ocrx_word' id='word_1_788' title='bbox 1509 2806 1567 2837; x_wconf 86' lang='lat' dir='ltr'>aut</span> <span class='ocrx_word' id='word_1_789' title='bbox 1587 2813 1706 2845; x_wconf 88' lang='lat' dir='ltr'>magno</span> <span class='ocrx_word' id='word_1_790' title='bbox 1723 2803 1842 2836; x_wconf 86' lang='lat' dir='ltr'>damno</span> <span class='ocrx_word' id='word_1_791' title='bbox 1860 2803 1904 2836; x_wconf 89' lang='lat' dir='ltr'>sit</span> <span class='ocrx_word' id='word_1_792' title='bbox 1923 2815 1931 2835; x_wconf 88' lang='lat'>:</span> <span class='ocrx_word' id='word_1_793' title='bbox 1952 2805 2026 2836; x_wconf 89' lang='lat' dir='ltr'>tum</span> <span class='ocrx_word' id='word_1_794' title='bbox 2047 2803 2135 2837; x_wconf 88' lang='lat' dir='ltr'>enim</span> <span class='ocrx_word' id='word_1_795' title='bbox 2153 2804 2253 2838; x_wconf 87' lang='lat' dir='ltr'>malet</span> <span class='ocrx_word' id='word_1_796' title='bbox 2267 2814 2370 2848; x_wconf 83' lang='lat' dir='ltr'>parva</span> 
     </span>
     <span class='ocr_line' id='line_1_100' title="bbox 1340 2856 2370 2908; baseline -0.001 -9"><span class='ocrx_word' id='word_1_797' title='bbox 1340 2866 1484 2908; x_wconf 84' lang='lat' dir='ltr'>aliquem</span> <span class='ocrx_word' id='word_1_798' title='bbox 1499 2863 1649 2897; x_wconf 88' lang='lat' dir='ltr'>molestia</span> <span class='ocrx_word' id='word_1_799' title='bbox 1667 2862 1797 2896; x_wconf 87' lang='lat' dir='ltr'>afficere</span> <span class='ocrx_word' id='word_1_800' title='bbox 1808 2864 1866 2895; x_wconf 89' lang='lat' dir='ltr'>aut</span> <span class='ocrx_word' id='word_1_801' title='bbox 1882 2861 2076 2904; x_wconf 87' lang='lat' dir='ltr'>ignominia,</span> <span class='ocrx_word' id='word_1_802' title='bbox 2099 2864 2140 2895; x_wconf 89' lang='lat' dir='ltr'>ut</span> <span class='ocrx_word' id='word_1_803' title='bbox 2160 2872 2236 2896; x_wconf 89' lang='lat' dir='ltr'>eum</span> <span class='ocrx_word' id='word_1_804' title='bbox 2253 2856 2370 2907; x_wconf 71' lang='lat' dir='ltr'>majori</span> 
     </span>
     <span class='ocr_line' id='line_1_101' title="bbox 1339 2920 2370 2964; baseline -0.001 -7"><span class='ocrx_word' id='word_1_805' title='bbox 1339 2923 1489 2957; x_wconf 86' lang='lat' dir='ltr'>molestia</span> <span class='ocrx_word' id='word_1_806' title='bbox 1504 2923 1537 2956; x_wconf 89' lang='lat' dir='ltr'>et</span> <span class='ocrx_word' id='word_1_807' title='bbox 1555 2920 1731 2964; x_wconf 85' lang='lat' dir='ltr'>ignominia</span> <span class='ocrx_word' id='word_1_808' title='bbox 1747 2920 1865 2954; x_wconf 87' lang='lat' dir='ltr'>liberet</span> <span class='ocrx_word' id='word_1_809' title='bbox 1877 2945 1886 2961; x_wconf 87' lang='lat'>,</span> <span class='ocrx_word' id='word_1_810' title='bbox 1905 2929 2007 2962; x_wconf 85' lang='lat' dir='ltr'>quam</span> <span class='ocrx_word' id='word_1_811' title='bbox 2020 2920 2139 2962; x_wconf 87' lang='lat' dir='ltr'>gaudio</span> <span class='ocrx_word' id='word_1_812' title='bbox 2153 2922 2370 2956; x_wconf 82' lang='lat' dir='ltr'>communiter</span> 
     </span>
     <span class='ocr_line' id='line_1_102' title="bbox 1338 2978 2370 3025; baseline -0.002 -9"><span class='ocrx_word' id='word_1_813' title='bbox 1338 2983 1491 3025; x_wconf 86' lang='lat' dir='ltr'>percepto</span> <span class='ocrx_word' id='word_1_814' title='bbox 1512 2980 1649 3023; x_wconf 83' lang='lat' dir='ltr'>paulum</span> <span class='ocrx_word' id='word_1_815' title='bbox 1672 2978 1891 3012; x_wconf 86' lang='lat' dir='ltr'>exhilaratum</span> <span class='ocrx_word' id='word_1_816' title='bbox 1910 2978 2025 3020; x_wconf 81' lang='lat' dir='ltr'>majori</span> <span class='ocrx_word' id='word_1_817' title='bbox 2039 2979 2249 3020; x_wconf 82' lang='lat' dir='ltr'>postmodum</span> <span class='ocrx_word' id='word_1_818' title='bbox 2262 2979 2370 3014; x_wconf 90' lang='lat' dir='ltr'>mole-</span> 
     </span>
     <span class='ocr_line' id='line_1_103' title="bbox 1338 3037 2366 3082; baseline 0 -9"><span class='ocrx_word' id='word_1_819' title='bbox 1338 3040 1402 3073; x_wconf 86' lang='lat' dir='ltr'>stia</span> <span class='ocrx_word' id='word_1_820' title='bbox 1413 3039 1591 3082; x_wconf 85' lang='lat' dir='ltr'>implicare.</span> <span class='ocrx_word' id='word_1_821' title='bbox 1606 3039 1675 3071; x_wconf 87' lang='lat' dir='ltr'>Non</span> <span class='ocrx_word' id='word_1_822' title='bbox 1700 3037 1815 3070; x_wconf 88' lang='lat' dir='ltr'>eodem</span> <span class='ocrx_word' id='word_1_823' title='bbox 1828 3038 1940 3070; x_wconf 90' lang='lat' dir='ltr'>autem</span> <span class='ocrx_word' id='word_1_824' title='bbox 1952 3037 2051 3069; x_wconf 88' lang='lat' dir='ltr'>modo</span> <span class='ocrx_word' id='word_1_825' title='bbox 2064 3037 2313 3072; x_wconf 84' lang='lat' dir='ltr'>conversabitur</span> <span class='ocrx_word' id='word_1_826' title='bbox 2331 3039 2366 3074; x_wconf 84' lang='lat' dir='ltr'>et</span> 
     </span>
     <span class='ocr_line' id='line_1_104' title="bbox 1337 3094 2365 3141; baseline -0.001 -10"><span class='ocrx_word' id='word_1_827' title='bbox 1337 3098 1491 3141; x_wconf 87' lang='lat' dir='ltr'>loquetur</span> <span class='ocrx_word' id='word_1_828' title='bbox 1509 3106 1586 3130; x_wconf 85' lang='lat' dir='ltr'>cum</span> <span class='ocrx_word' id='word_1_829' title='bbox 1613 3095 1695 3129; x_wconf 88' lang='lat' dir='ltr'>viris</span> <span class='ocrx_word' id='word_1_830' title='bbox 1721 3094 1880 3137; x_wconf 79' lang='lat' dir='ltr'>dignitate</span> <span class='ocrx_word' id='word_1_831' title='bbox 1909 3094 2020 3137; x_wconf 86' lang='lat' dir='ltr'>aliqua</span> <span class='ocrx_word' id='word_1_832' title='bbox 2043 3095 2197 3137; x_wconf 75' lang='lat' dir='ltr'>‘praeditis</span> <span class='ocrx_word' id='word_1_833' title='bbox 2227 3098 2261 3130; x_wconf 84' lang='lat' dir='ltr'>et</span> <span class='ocrx_word' id='word_1_834' title='bbox 2289 3105 2365 3130; x_wconf 85' lang='lat' dir='ltr'>cum</span> 
     </span>
     <span class='ocr_line' id='line_1_105' title="bbox 1335 3151 2366 3199; baseline -0.004 -9"><span class='ocrx_word' id='word_1_835' title='bbox 1335 3156 1447 3199; x_wconf 88' lang='lat' dir='ltr'>plebe,</span> <span class='ocrx_word' id='word_1_836' title='bbox 1466 3155 1524 3189; x_wconf 88' lang='lat' dir='ltr'>sed</span> <span class='ocrx_word' id='word_1_837' title='bbox 1542 3163 1641 3188; x_wconf 86' lang='lat' dir='ltr'>suum</span> <span class='ocrx_word' id='word_1_838' title='bbox 1660 3153 1779 3196; x_wconf 87' lang='lat' dir='ltr'>cuique</span> <span class='ocrx_word' id='word_1_839' title='bbox 1791 3152 1916 3186; x_wconf 87' lang='lat' dir='ltr'>tribuet</span> <span class='ocrx_word' id='word_1_840' title='bbox 1934 3151 2107 3194; x_wconf 82' lang='lat' dir='ltr'>decorum,</span> <span class='ocrx_word' id='word_1_841' title='bbox 2128 3161 2167 3185; x_wconf 88' lang='lat' dir='ltr'>ac</span> <span class='ocrx_word' id='word_1_842' title='bbox 2181 3161 2240 3195; x_wconf 90' lang='lat' dir='ltr'>pro</span> <span class='ocrx_word' id='word_1_843' title='bbox 2253 3152 2366 3186; x_wconf 77' lang='lat' dir='ltr'>diver-</span> 
     </span>
     <span class='ocr_line' id='line_1_106' title="bbox 1335 3210 2362 3253; baseline -0.003 -5"><span class='ocrx_word' id='word_1_844' title='bbox 1335 3215 1434 3248; x_wconf 85' lang='lat' dir='ltr'>sitate</span> <span class='ocrx_word' id='word_1_845' title='bbox 1453 3214 1630 3248; x_wconf 88' lang='lat' dir='ltr'>hominum</span> <span class='ocrx_word' id='word_1_846' title='bbox 1643 3211 1729 3246; x_wconf 85' lang='lat' dir='ltr'>forte</span> <span class='ocrx_word' id='word_1_847' title='bbox 1748 3210 1879 3244; x_wconf 84' lang='lat' dir='ltr'>fortuna</span> <span class='ocrx_word' id='word_1_848' title='bbox 1902 3210 2085 3243; x_wconf 87' lang='lat' dir='ltr'>oblatorum</span> <span class='ocrx_word' id='word_1_849' title='bbox 2101 3213 2134 3243; x_wconf 91' lang='lat' dir='ltr'>et</span> <span class='ocrx_word' id='word_1_850' title='bbox 2161 3210 2232 3253; x_wconf 87' lang='lat' dir='ltr'>ipse</span> <span class='ocrx_word' id='word_1_851' title='bbox 2249 3211 2362 3245; x_wconf 86' lang='lat' dir='ltr'>diver-</span> 
     </span>
    </p>
   </div>
   <div class='ocr_carea' id='block_1_23' title="bbox 291 3368 2361 3416">
    <p class='ocr_par' dir='ltr' id='par_1_28' title="bbox 291 3368 2361 3416">
     <span class='ocr_line' id='line_1_107' title="bbox 291 3368 2361 3416; baseline -0.003 -8"><span class='ocrx_word' id='word_1_852' title='bbox 291 3375 362 3408; x_wconf 60' lang='grc' dir='ltr'>*Οἱ</span> <span class='ocrx_word' id='word_1_853' title='bbox 379 3376 408 3407; x_wconf 85' lang='grc' dir='ltr'>δ’</span> <span class='ocrx_word' id='word_1_854' title='bbox 421 3374 452 3412; x_wconf 78' lang='grc' dir='ltr'>ἐξ</span> <span class='ocrx_word' id='word_1_855' title='bbox 467 3373 610 3411; x_wconf 83' lang='grc' dir='ltr'>ἐναντίας</span> <span class='ocrx_word' id='word_1_856' title='bbox 622 3374 746 3410; x_wconf 80' lang='grc' dir='ltr'>τούτοις</span> <span class='ocrx_word' id='word_1_857' title='bbox 763 3374 832 3405; x_wconf 76' lang='grc' dir='ltr'>κτλ.</span> <span class='ocrx_word' id='word_1_858' title='bbox 843 3388 886 3396; x_wconf 91' lang='lat'>·—</span> <span class='ocrx_word' id='word_1_859' title='bbox 900 3372 939 3392; x_wconf 64' lang='lat'>*⁴*</span> <span class='ocrx_word' id='word_1_860' title='bbox 956 3371 1031 3405; x_wconf 76' lang='grc' dir='ltr'>’Ὀτι</span> <span class='ocrx_word' id='word_1_861' title='bbox 1048 3372 1105 3414; x_wconf 85' lang='grc' dir='ltr'>μὲν</span> <span class='ocrx_word' id='word_1_862' title='bbox 1121 3373 1175 3405; x_wconf 78' lang='grc' dir='ltr'>οὖν</span> <span class='ocrx_word' id='word_1_863' title='bbox 1193 3376 1226 3406; x_wconf 80' lang='grc' dir='ltr'>αἱ</span> <span class='ocrx_word' id='word_1_864' title='bbox 1245 3374 1408 3416; x_wconf 85' lang='grc' dir='ltr'>εἰρημέναι</span> <span class='ocrx_word' id='word_1_865' title='bbox 1423 3374 1498 3411; x_wconf 81' lang='grc' dir='ltr'>ἕξεις</span> <span class='ocrx_word' id='word_1_866' title='bbox 1514 3374 1582 3407; x_wconf 82' lang='grc' dir='ltr'>κτλ,</span> <span class='ocrx_word' id='word_1_867' title='bbox 1594 3388 1635 3396; x_wconf 91' lang='lat'><em>-</em></span> <span class='ocrx_word' id='word_1_868' title='bbox 1648 3371 1703 3391; x_wconf 67' lang='lat'>***</span> <span class='ocrx_word' id='word_1_869' title='bbox 1720 3371 1862 3405; x_wconf 85' lang='grc' dir='ltr'>Καθόλου</span> <span class='ocrx_word' id='word_1_870' title='bbox 1879 3369 1936 3412; x_wconf 83' lang='grc' dir='ltr'>μὲν</span> <span class='ocrx_word' id='word_1_871' title='bbox 1954 3369 2009 3402; x_wconf 79' lang='grc' dir='ltr'>οὖν</span> <span class='ocrx_word' id='word_1_872' title='bbox 2028 3369 2172 3412; x_wconf 74' lang='grc' dir='ltr'>εἴρηται,</span> <span class='ocrx_word' id='word_1_873' title='bbox 2185 3368 2235 3402; x_wconf 73' lang='grc' dir='ltr'>ὅτι</span> <span class='ocrx_word' id='word_1_874' title='bbox 2253 3371 2297 3406; x_wconf 82' lang='grc' dir='ltr'>ὡς</span> <span class='ocrx_word' id='word_1_875' title='bbox 2309 3369 2361 3402; x_wconf 69' lang='lat' dir='ltr'>cet</span> 
     </span>
    </p>
   </div>
   <div class='ocr_carea' id='block_1_24' title="bbox 252 3423 493 3463">
    <p class='ocr_par' dir='ltr' id='par_1_29' title="bbox 252 3423 493 3463">
     <span class='ocr_line' id='line_1_108' title="bbox 252 3423 493 3463; baseline 0 -9"><span class='ocrx_word' id='word_1_876' title='bbox 252 3423 408 3463; x_wconf 76' lang='grc' dir='ltr'>ὁμιλήσει,</span> <span class='ocrx_word' id='word_1_877' title='bbox 424 3423 493 3454; x_wconf 82' lang='grc' dir='ltr'>κτλ.</span> 
     </span>
    </p>
   </div>
   <div class='ocr_carea' id='block_1_25' title="bbox 2475 3465 2508 3590">
    <p class='ocr_par' dir='ltr' id='par_1_30' title="bbox 2475 3465 2508 3590">
     <span class='ocr_line' id='line_1_109' title="bbox 2475 3465 2508 3590; baseline 0 0"><span class='ocrx_word' id='word_1_878' title='bbox 2475 3465 2508 3590; x_wconf 59' lang='grc' dir='ltr'>ι</span> 
     </span>
    </p>
   </div>
   <div class='ocr_carea' id='block_1_26' title="bbox 2448 3615 2508 3776">
    <p class='ocr_par' dir='ltr' id='par_1_31' title="bbox 2448 3615 2508 3776">
     <span class='ocr_line' id='line_1_110' title="bbox 2487 3647 2499 3655; baseline 0 0"><span class='ocrx_word' id='word_1_879' title='bbox 2487 3647 2499 3655; x_wconf 29' lang='lat'>⁷·</span> 
     </span>
     <span class='ocr_line' id='line_1_111' title="bbox 2448 3615 2508 3776; baseline 0 -58"><span class='ocrx_word' id='word_1_880' title='bbox 2448 3703 2458 3722; x_wconf 48' lang='grc' dir='ltr'>ξ’</span> <span class='ocrx_word' id='word_1_881' title='bbox 2473 3615 2508 3776; x_wconf 68' lang='lat' dir='ltr'>i</span> 
     </span>
     <span class='ocr_line' id='line_1_112' title="bbox 2470 3736 2475 3745; baseline 0 -2"><span class='ocrx_word' id='word_1_882' title='bbox 2470 3736 2475 3745; x_wconf 50' lang='grc' dir='ltr'>,ι</span> 
     </span>
    </p>
   </div>
   <div class='ocr_carea' id='block_1_27' title="bbox 2473 2530 2508 3468">
    <p class='ocr_par' dir='ltr' id='par_1_32' title="bbox 2444 2530 2508 3468">
     <span class='ocr_line' id='line_1_113' title="bbox 2491 2530 2508 2598; baseline 0 0"><span class='ocrx_word' id='word_1_883' title='bbox 2491 2530 2508 2598; x_wconf 69' lang='grc' dir='ltr'>ἶ</span> 
     </span>
     <span class='ocr_line' id='line_1_114' title="bbox 2486 2599 2508 2743; baseline 0 0"><span class='ocrx_word' id='word_1_884' title='bbox 2486 2599 2508 2743; x_wconf 65' lang='grc' dir='ltr'>Ξ</span> 
     </span>
     <span class='ocr_line' id='line_1_115' title="bbox 2483 2768 2508 3004; baseline 0 35"><span class='ocrx_word' id='word_1_885' title='bbox 2483 2768 2508 3004; x_wconf 49' lang='grc' dir='ltr'>ἒ</span> 
     </span>
     <span class='ocr_line' id='line_1_116' title="bbox 2473 3001 2508 3468; baseline 0 0"><span class='ocrx_word' id='word_1_886' title='bbox 2473 3001 2508 3468; x_wconf 53' lang='grc' dir='ltr'><strong>ᾗ</strong></span> 
     </span>
    </p>
   </div>
   <div class='ocr_carea' id='block_1_28' title="bbox 1347 2220 2500 2321">
    <p class='ocr_par' dir='ltr' id='par_1_33' title="bbox 1347 2212 2500 2321">
     <span class='ocr_line' id='line_1_117' title="bbox 1683 2220 2493 2267; baseline 0.002 -14"><span class='ocrx_word' id='word_1_887' title='bbox 1683 2220 1824 2263; x_wconf 87' lang='lat' dir='ltr'>ideoque</span> <span class='ocrx_word' id='word_1_888' title='bbox 1838 2220 2020 2253; x_wconf 88' lang='lat' dir='ltr'>honestatis</span> <span class='ocrx_word' id='word_1_889' title='bbox 2035 2228 2162 2262; x_wconf 84' lang='lat' dir='ltr'>semper</span> <span class='ocrx_word' id='word_1_890' title='bbox 2180 2222 2214 2254; x_wconf 88' lang='lat' dir='ltr'>et</span> <span class='ocrx_word' id='word_1_891' title='bbox 2228 2220 2382 2256; x_wconf 80' lang='lat' dir='ltr'>utilitatis</span> <span class='ocrx_word' id='word_1_892' title='bbox 2412 2255 2413 2259; x_wconf 69' lang='grc'>,</span> <span class='ocrx_word' id='word_1_893' title='bbox 2475 2212 2499 2267; x_wconf 55' lang='lat' dir='ltr'>j</span> 
     </span>
     <span class='ocr_line' id='line_1_118' title="bbox 1347 2277 2500 2321; baseline -0.002 -8"><span class='ocrx_word' id='word_1_894' title='bbox 1347 2280 1473 2313; x_wconf 90' lang='lat' dir='ltr'>ratione</span> <span class='ocrx_word' id='word_1_895' title='bbox 1487 2278 1600 2312; x_wconf 88' lang='lat' dir='ltr'>hahita</span> <span class='ocrx_word' id='word_1_896' title='bbox 1611 2278 1664 2312; x_wconf 88' lang='lat' dir='ltr'>vir</span> <span class='ocrx_word' id='word_1_897' title='bbox 1686 2278 1792 2311; x_wconf 92' lang='lat' dir='ltr'>bonus</span> <span class='ocrx_word' id='word_1_898' title='bbox 1804 2287 1877 2320; x_wconf 89' lang='lat' dir='ltr'>eos,</span> <span class='ocrx_word' id='word_1_899' title='bbox 1896 2277 2094 2321; x_wconf 86' lang='lat' dir='ltr'>quibuscum</span> <span class='ocrx_word' id='word_1_900' title='bbox 2110 2278 2213 2318; x_wconf 86' lang='lat' dir='ltr'>vivit,</span> <span class='ocrx_word' id='word_1_901' title='bbox 2237 2279 2291 2312; x_wconf 80' lang='lat' dir='ltr'>vel</span> <span class='ocrx_word' id='word_1_902' title='bbox 2312 2288 2380 2313; x_wconf 82' lang='lat' dir='ltr'>me-</span> <span class='ocrx_word' id='word_1_903' title='bbox 2483 2284 2500 2312; x_wconf 68' lang='grc' dir='ltr'><em>ξ</em></span> 
     </span>
    </p>
   </div>
  </div>
 </body>
</html>
