2508 3776
287 157 366 196 426

286 243 489 282 παντάπασι
516 239 760 293 διαφθαρέντες
789 240 828 278 οὗ
860 237 1025 278 δύνανται
1053 242 1318 292 θεραπευθῆναι·

285 301 359 341 ὅθεν
377 303 448 341 οὐδ’
471 302 504 338 ἐν
526 301 640 342 αὐτοις
659 299 732 350 ἔχει
752 296 872 350 χώραν
897 297 935 336 τὸ
956 296 1100 336 δίκαιον·
1123 301 1157 337 ἐν
1184 297 1324 341 ἐκείνοις

285 361 354 399 δέ’
340 377 411 399 εστι
428 362 494 398 τῶν
511 358 720 412 ἀνθρώπων,
743 357 816 396 ὅσοι
838 357 1021 408 βούλονται
1040 357 1085 396 τὰ
1105 355 1271 420 δίκαια,”
1263 357 1323 396 καὶ

282 422 418 457 ποιοῦσι
455 417 545 456 κατὰ
579 417 642 464 τὴν
679 415 897 469 ἀνθρωπίνην
933 416 1102 469 δύναμιν,
1135 416 1194 456 καὶ
1228 410 1324 461 αὖθις

281 477 538 529 ἁμαρτάνουσιν
562 475 640 515 ὅσον
662 476 854 528 ἀνθρώποις
874 479 1044 528 προσῆκε.

333 536 535 588 (Scripsit
558 543 572 560 ²
599 530 686 575 εἶναί
718 538 825 588 φασι]
845 537 965 587 vulgo
993 540 1081 574 εἶναι
1106 536 1207 589 φασὶ.
1225 559 1277 565 -

278 595 336 633 καὶ
364 595 470 645 πότε]
506 595 590 634 cod.
612 594 671 633 καί
699 609 799 636 ποτε.
821 598 907 625 -c
941 595 1170 649 ῥῖψαι]0οἁ.
1206 594 1318 650 ῥίψαι.

276 669 361 693 —d
389 654 610 707 προσθεῖσιν]
627 654 712 694 cod.
736 653 952 706 προσθέντες.
969 653 1038 706 —-)

1296 535 1311 559 b

715 768 801 820 Κεφ.
830 765 893 811 ις’.

494 878 569 921 Περὶ
590 877 766 915 ἐπιεικείας
781 878 837 910 καὶ
851 879 909 911 τοῦ
931 877 1101 914 ἐπιεικοῦς.

328 979 343 995 *
365 979 454 1032 Περὶ
476 979 511 1019 δὲ
534 980 721 1025 ἐπιεικείας
742 980 802 1020 καὶ
820 984 880 1019 τοῦ
901 981 1073 1024 ἐπιεικοῦς
1092 980 1165 1022 πῶς
1184 977 1257 1030 ἔχει
1283 980 1305 1025 ἡ

274 1037 336 1089 μὲν
352 1038 519 1077 ἐπιείκεια
540 1040 625 1092 πρὸς
655 1039 876 1086 δικαιοσύνην
891 1070 902 1088 ,
934 1038 974 1078 τὸ
999 1040 1029 1077 δ’
1059 1037 1209 1082 ἐπιεικὲς
1233 1037 1316 1090 πρὸς

272 1097 311 1136 τὸ
338 1098 494 1147 δίκαιον,
531 1098 717 1138 ἀκόλουθόν
742 1099 835 1138 ἐστιν
870 1100 994 1138 εἰπεῖν.
1033 1097 1105 1137 Καὶ
1136 1096 1204 1149 γὰρ
1236 1096 1313 1135 οὔτε

272 1157 386 1196 πάντα
403 1157 512 1196 ταύτά
532 1159 642 1209 ἐστιν,
659 1157 736 1196 οὔτε
754 1158 854 1212 ἕτερα
873 1160 921 1210 τῷ
941 1157 1047 1209 γένει.
1075 1156 1232 1195 Καθόσον
1254 1156 1317 1206 μὲν

271 1215 338 1269 γὰρ
364 1216 403 1255 τὸ
420 1217 568 1261 ἐπιεικὲς
588 1218 783 1256 ἐπαινεῖται
806 1218 938 1268 μᾶλλον
948 1220 1014 1268 ,τοῦ
1037 1215 1173 1254 δικαίου
1187 1244 1198 1263 ,
1220 1215 1280 1254 καὶ
1300 1217 1318 1254 ὁ

272 1275 424 1323 ἐπιεικὴς
445 1276 532 1329 ἀνὴρ
551 1279 610 1315 τοῦ
644 1276 779 1315 δικαίου
805 1275 948 1328 βελτίων
980 1276 1084 1314 δοκεῖ·
1107 1273 1158 1313 ἔτι
1191 1273 1226 1312 δὲ
1257 1274 1317 1313 καὶ

272 1336 328 1374 ἐπὶ
362 1335 408 1375 τὰ
431 1335 522 1374 ἄλλα
547 1336 813 1389 μεταφέρομεν,
847 1335 930 1374 ὅταν
963 1336 1116 1373 ἐπαινεῖν
1149 1334 1208 1385 δέῃ
1238 1332 1316 1371 τινὰ

270 1396 338 1432 τῶν
351 1397 504 1446 ἀρετῶν·
524 1394 587 1433 καὶ
607 1395 674 1446 γὰρ
695 1393 956 1446 ἐπιεικεστέραν
978 1393 1082 1439 τήνδε
1103 1392 1235 1439 ἐκείνης
1254 1391 1317 1430 λέ-

271 1468 401 1504 γομεν,
424 1454 462 1492 τὸ
484 1453 619 1506 βέλτιον
643 1454 827 1499 δηλοῦντες
848 1453 887 1490 οὐ
910 1451 948 1490 τὸ
977 1453 1202 1503 δικαιότερον·
1225 1451 1317 1489 κατὰ

271 1516 370 1551 τοῦτο
391 1511 481 1560 ἄλλη
510 1529 562 1556 τις
593 1513 689 1551 δοκεῖ
716 1506 804 1550 εἶναι
835 1510 931 1565 παρὰ
955 1510 1018 1558 τὴν
1047 1509 1268 1559 δικαιοσύνην
1294 1514 1315 1559 ἡ

271 1569 453 1611 ἐπιείκεια.
467 1571 581 1611 Πάλιν
595 1571 630 1609 δὲ
645 1574 695 1623 τῷ
709 1570 802 1624 λόγῳ
816 1572 1045 1609 ἀκολουθοῦσι
1062 1568 1222 1623 φαίνεται
1236 1569 1317 1609 ἄτο-

270 1645 336 1669 πον
349 1660 361 1682 ‚
377 1632 406 1669 εἷ
425 1631 464 1670 τὸ
476 1629 627 1675 ἐπιεικὲς
648 1629 734 1669 ἄλλο
748 1629 846 1683 παρὰ
859 1630 898 1669 τὸ
913 1629 1046 1668 δίκαιον
1063 1628 1119 1677 ὄν,
1137 1628 1316 1669 ἐπαινετόν

271 1691 376 1729 ἐστιν·
389 1692 418 1729 εἷ
438 1690 504 1745 γὰρ
514 1690 709 1742 ἐπαινετόν,
728 1689 861 1729 δίκαιόν
881 1691 966 1729 ἐστι·
983 1694 1053 1728 πᾶν
1062 1688 1128 1742 γὰρ
1138 1688 1316 1728 ἐπαινετὸν

276 1749 429 1798 δίκαιον,
458 1749 516 1789 καὶ
545 1753 567 1797 ἡ
586 1749 787 1796 δικαιοσύνη
807 1748 922 1787 τελεία
947 1747 1038 1787 ἐστὶν
1060 1747 1166 1800 ἀρετή
1179 1777 1190 1798 ,
1216 1750 1262 1792 ὡς
1281 1749 1315 1786 ἐν

269 1812 340 1854 τοῖς
350 1809 511 1863 ἀνωτέρω
522 1808 706 1847 δέδεικται·
722 1809 751 1846 εἷ
764 1808 798 1846 δὲ
806 1809 869 1846 οὐκ
881 1806 956 1845 ἔστι
968 1806 1116 1854 δίκαιον,
1129 1806 1207 1846 οὐδὲ
1218 1808 1317 1846 ἐπαι·

270 1868 376 1907 νετόν·
393 1867 415 1914 ἢ
434 1870 463 1907 εἷ
485 1868 524 1906 τὸ
544 1867 694 1911 ἐπιεικὲς
712 1865 905 1913 ἐπαινετόν,
927 1866 965 1905 τὸ
983 1865 1116 1904 δίκαιον
1137 1867 1200 1904 οὐκ
1222 1865 1314 1905 ἔστιν

271 1927 460 1967 ἐπαινετόν·
477 1929 499 1973 ἡ
515 1925 576 1977 μὲν
592 1919 651 1965 οὖν
673 1925 802 1977 ἀπορία
823 1924 945 1976 σχεδὸν
959 1923 1017 1962 διὰ
1037 1926 1149 1961 ταῦτα
1164 1923 1317 1974 συμὸαί-

270 2003 306 2026 νε
313 2003 335 2027 ι.
352 1985 458 2039 Ἔχει
481 1984 516 2024 δὲ
537 2001 597 2024 και
618 1984 798 2038 ἀμφότερα
821 1986 944 2036 ὀρθῶς,
967 1982 1009 2021 τό
1029 1997 1066 2020 τε
1085 1981 1151 2019 ἓνὸ
1170 1976 1317 2022 εἶναιτὸ

275 2046 409 2085 δίκαιον
426 2061 485 2084 και
501 2061 542 2084 το
558 2042 749 2096 διαφέρειν,
766 2042 824 2081 καὶ
835 2041 931 2081 οὐδὲν
948 2039 1143 2087 ἀλλήλοις’
1127 2043 1318 2078 εναντιοῦν-

269 2121 345 2146 ται.
366 2105 417 2144 Τὸ
449 2103 516 2157 γὰρ
537 2103 685 2148 ἐπιεικὲς
710 2102 770 2142 καὶ
802 2101 936 2140 δίκαιόν
967 2102 1069 2146 ἐστι,
1089 2099 1151 2138 καὶ
1180 2098 1313 2138 δικαίου

270 2164 358 2208 τινὸς
377 2163 526 2216 βέλτιον·
547 2162 607 2201 καὶ
630 2163 695 2215 οὐχ
712 2163 759 2206 ὡς
779 2157 973 2214 ἑτερογενὲς
992 2161 1053 2197 τοῦ
1077 2157 1214 2196 δικαίου
1231 2158 1319 2211 βέλ-

269 2223 344 2263 τιόν
365 2224 458 2262 ἐστιν
477 2222 604 2271 αὐτοῦ,
621 2220 697 2259 ἀλλ’
723 2222 769 2265 ὥς
790 2219 892 2272 μέρος
915 2217 1022 2257 ἄλλου
1044 2216 1166 2270 μορίου
1187 2218 1319 2270 ὁμογε-

270 2286 357 2326 νοῦς·
372 2283 433 2321 καὶ
454 2280 645 2320 σπουδαίου
666 2279 763 2323 ὄντος
795 2279 855 2318 καὶ
879 2279 986 2317 αὐτοῦ
1009 2276 1068 2316 καὶ
1102 2275 1259 2325 δικαίου,
1279 2276 1319 2315 τὸ

271 2344 418 2386 ἐπιεικὲς
442 2341 574 2380 δίκαιον
606 2338 876 2392 σπουδαιότερόν
909 2339 997 2376 ἐστι.
1029 2335 1173 2383 Ταύτην
1198 2333 1316 2383 δὲτὴν

272 2401 418 2453 ἀπορίαν
439 2400 624 2451 εἰσήγαγεν
639 2429 649 2448 ,
672 2398 726 2437 ὅτι
746 2397 786 2437 τὸ
800 2395 947 2445 ἐπιεικὲς
969 2395 1105 2434 δίκαιον
1126 2393 1188 2445 μέν
1208 2396 1316 2442 ἐστιν,

272 2461 309 2499 οὗ
330 2458 420 2498 κατὰ
437 2459 540 2509 νόμον
559 2457 607 2496 δέ·
628 2457 666 2495 οὐ
685 2455 753 2509 γὰρ
775 2456 979 2509 περιέχεται
998 2453 1066 2493 ὑπὸ
1085 2453 1195 2505 νόμου
1210 2483 1220 2502 ,
1241 2453 1318 2492 ἀλλ’

273 2521 363 2558 ἔστιν
385 2517 616 2571 ἐπανόρθωμα
634 2516 767 2557 δικαίου
788 2517 952 2568 νομίμου.
984 2514 1037 2554 Τὸ
1058 2512 1094 2552 δὲ
1125 2512 1233 2551 αἴτιον
1257 2515 1319 2560 τῆς

273 2576 500 2629 διορθώσεως,
517 2576 570 2615 ὅτι
589 2580 607 2614 ὃ
625 2575 687 2628 μὲν
710 2575 812 2626 νόμος
837 2575 930 2619 ἅπας
945 2573 1095 2613 καθόλου
1115 2571 1314 2626 διορίζεται·

273 2638 328 2676 ἐπ’
349 2635 447 2679 ἐνίοις
468 2635 503 2674 δὲ
524 2637 592 2673 τῶν
622 2635 702 2672 καθ’
722 2633 885 2672 ἕκασται)
920 2633 958 2671 οὔ
985 2630 1128 2670 δυνατὸν
1156 2631 1314 2683 ἐφαρμό-

274 2699 341 2741 ζειν
373 2693 464 2732 κατα
489 2709 545 2732 τον
574 2693 671 2745 ὀρθὸν
698 2692 820 2744 λόγον,
857 2690 914 2730 διὰ
951 2690 990 2729 τὸ
1021 2689 1078 2729 τὸν
1115 2688 1178 2740 μὲν
1213 2688 1319 2740 νόμον

273 2753 465 2807 ὡρισμένον
487 2754 596 2800 εἶναι,
617 2767 676 2790 και
694 2753 739 2796 εἷς
766 2750 961 2804 ὡρισμένον
983 2766 1017 2788 τι
1039 2753 1195 2798 σκοπεῖν,
1216 2747 1261 2787 τὰ
1282 2746 1318 2786 δὲ

275 2812 385 2852 καθ’“
365 2819 526 2851 εκασταθ
547 2810 716 2863 ἀόριστα,
739 2810 800 2849 καὶ
817 2811 942 2849 ἄλλοτε
961 2807 1108 2852 ἀλλως”
1089 2823 1228 2860 εχοντα·
1247 2809 1318 2845 οῖον

276 2876 294 2912 ὃ
312 2872 415 2923 νόμος
429 2869 562 2909 κελεύει
579 2868 727 2908 καθόλου
746 2869 862 2908 πάντα
876 2868 934 2907 τὸν
951 2867 1008 2906 ἐπὶ
1029 2883 1068 2906 το
1081 2871 1196 2918 τεῖχος
1217 2866 1320 2903 ἀνελ-

276 2931 378 2971 θόντα
396 2929 488 2975 ξένον
511 2927 757 2975 ἀποθνήσκειν·
786 2927 942 2967 ἀνελθὼν
976 2926 1012 2965 δέ
1032 2942 1082 2970 τις
1099 2925 1318 2977 ἠρίστευσεν·

277 2991 306 3028 εἷ
318 2989 432 3028 τοίνυν
446 2986 705 3040 ἐφαρμόσωμεν
722 2986 779 3024 τὸν
797 2987 899 3037 νόμον
917 2988 966 3037 τῷ
984 2987 1135 3040 ἀριστεῒ,
1150 2983 1211 3023 καὶ
1234 2986 1321 3022 ἀπο-

275 3049 477 3099 κτείνωμεν,
497 3046 595 3098 παρὰ
611 3045 669 3084 τὸν
685 3046 782 3097 ὀρθὸν
797 3044 897 3096 λόγον
928 3044 988 3083 καὶ
1003 3044 1042 3083 τὸ
1062 3044 1195 3082 δίκαιον
1216 3041 1317 3090 ποιή-

277 3124 397 3159 σομεν.
424 3105 579 3157 Ὁμοίως
596 3104 631 3143 δὲ
652 3104 712 3142 καὶ
735 3104 791 3143 ἐπι
815 3103 928 3142 ἄλλων
950 3101 1127 3142 πολλῶν”
1109 3117 1195 3155 εχει·
1218 3104 1321 3139 τοῦτο

278 3167 314 3207 δὲ
332 3167 371 3206 τὸ
405 3166 601 3219 ἁμάρτημα
634 3165 695 3203 οὐκ
724 3164 816 3203 ἔστιν
851 3178 884 3200 εν
905 3164 955 3214 τῷ
976 3162 1085 3214 νόμῳ,
1118 3160 1230 3200 ουδὲ
1216 3176 1250 3198 εν
1270 3162 1320 3213 τῷ

278 3226 446 3279 νομοθέτῃ
463 3255 473 3274 ,
492 3225 568 3263 ἀλλ’
589 3225 623 3263 ἐν
646 3227 690 3277 τῇ
716 3225 783 3261 τῶν
805 3221 1026 3273 πραγμάτων
1058 3220 1169 3272 φύσει
1187 3218 1232 3258 ‘0
1254 3217 1321 3272 γαρ

279 3286 402 3337 νόμος,
423 3284 498 3323 ἐπεὶ
523 3283 689 3323 ἀδύνατον
719 3281 764 3322 τὰ
787 3280 877 3320 κατὰ
899 3279 1002 3332 μέρος
1021 3280 1138 3319 πάντα
1165 3279 1316 3332 περιλα-

1110 148 1392 191 ANDRONICI
1422 151 1600 191 RHODII

1387 246 1486 279 hrum
1504 245 1637 288 aliquod
1656 255 1771 279 sanum
1793 248 1929 287 habere,
1952 251 1991 281 ut
2012 249 2101 282 illine
2119 249 2268 282 medicus
2291 233 2427 297 incipffl

1385 314 1539 338 revocare
1574 305 1748 339 sanitatem
1777 317 1784 336 :
1810 307 1869 349 qui
1896 316 1974 340 vero
1994 309 2125 350 penitus
2153 308 2299 351 corrupti
2327 308 2459 348 811111,.’

1386 364 1493 397 sanari
1522 373 1587 397 non
1606 367 1778 407 possunt:
1803 366 1956 408 quocirca
1977 367 2106 401 nullum
2134 368 2168 402 in
2183 369 2224 402 iis
2243 369 2354 403 10011111
2371 368 2450 412 1118
2462 375 2463 378 ’

1384 423 1511 456 habet:
1538 424 1573 456 in
1592 423 1633 456 iis
1650 426 1760 457 autem
1789 425 1978 459 hominibus
1998 429 2068 467 est,
2099 428 2159 471 qui
2182 438 2222 462 ea
2245 438 2321 472 quae
2335 429 2472 472 justa

1382 483 1461 514 sunt
1479 481 1610 520 volunt,
1633 485 1860 526 quantumque
1878 484 1912 517 in
1927 485 2069 518 hominis
2082 488 2244 528 potestate
2259 486 2363 520 situm
2375 488 2426 521 est
2442 472 2445 474 ’

1384 539 1530 580 faciunt,
1546 550 1729 585 rursusque
1748 545 1895 586 peccant,
1911 546 2074 587 quantum
2092 545 2241 594 homines
2255 545 2361 580 decet.

1818 786 1895 829 Gap.
1923 787 2009 819 XVI.

1732 882 1775 909 De
1793 879 1932 917 aequitate
1945 881 1976 908 et
1988 885 2084 916 aequo.

1422 988 1496 1020 Jam
1518 996 1597 1020 vero
1625 987 1667 1021 de
1689 987 1846 1030 aequitate
1875 989 1908 1020 et
1929 996 2041 1029 aequo,
2063 995 2130 1029 quo
2157 984 2310 1019 videlicet
2325 983 2425 1018 modo

1380 1049 1452 1079 tum
1468 1046 1611 1090 aequitas
1630 1047 1671 1079 ad
1691 1046 1873 1089 justitiam,
1902 1048 1975 1079 tum
1996 1046 2052 1088 1118
2077 1045 2121 1079 011
2139 1054 2277 1089 aequum
2303 1053 2340 1078 80
2363 1043 2426 1077 ha-

1378 1107 1470 1145 beat,
1501 1108 1650 1148 superest
1677 1108 1715 1139 ut
1734 1106 1894 1139 dicamus.
1925 1107 2075 1148 Namque
2093 1105 2166 1138 haec
2183 1113 2291 1148 neque
2306 1103 2424 1138 eadem

1378 1163 1509 1196 omnino
1515 1173 1622 1206 neque
1629 1163 1693 1196 alia
1705 1173 1822 1206 genere
1834 1163 2000 1197 videntur.
2009 1164 2181 1202 Quatenus
2191 1161 2280 1196 enim
2290 1170 2426 1205 equum

1379 1223 1484 1265 magis
1504 1222 1669 1261 laudatur,
1690 1232 1790 1265 quam
1802 1223 1867 1265 jus,
1888 1223 1987 1256 etiam
2001 1222 2053 1255 vir
2067 1230 2186 1265 aequus
2200 1221 2292 1264 111810
2308 1220 2425 1254 11101101·

1381 1281 1511 1314 videtur
1535 1293 1542 1314 x
1557 1283 1718 1324 praeterea
1733 1281 1776 1314 ad
1797 1282 1860 1314 alia
1881 1291 2015 1325 quoque
2032 1290 2105 1315 eam
2120 1290 2238 1315 vocem
2253 1278 2427 1314 transferi-

1378 1351 1472 1379 mus,
1490 1351 1595 1384 quum
1615 1341 1773 1390 videlicet·
1787 1341 1916 1375 laudari
1936 1342 2096 1375 virtutem
2112 1341 2259 1384 aliquam
2269 1341 2422 1384 oportet:

1377 1401 1499 1444 quippe
1514 1401 1600 1434 hanc
1625 1401 1682 1434 illa
1699 1401 1878 1444 aequiorem
1893 1402 2057 1445 appellare
2076 1401 2228 1440 solemus,
2251 1409 2318 1434 non
2334 1398 2427 1445 quod

1375 1460 1501 1502 justius
1513 1459 1571 1493 sed
1593 1459 1684 1502 quod
1701 1459 1821 1493 melius
1843 1462 1893 1493 est
1911 1459 2131 1502 significantes
2150 1471 2159 1492 ε
2174 1461 2311 1494 eatenus
2325 1459 2427 1502 igitur

1378 1519 1509 1553 diversa
1527 1528 1547 1552 a
1567 1519 1696 1562 justitia
1713 1519 1845 1552 videtur
1863 1528 1934 1552 esse
1954 1519 2105 1562 aequitas.
2121 1520 2250 1552 Rursus
2265 1517 2427 1552 rationem

1377 1579 1483 1621 ipsam
1510 1578 1723 1621 sequentibus
1745 1578 1928 1612 absurdum
1946 1578 2099 1618 videtur,
2124 1587 2260 1622 aequum
2283 1586 2390 1621 quum
2404 1586 2426 1610 0

1374 1638 1449 1681 jure
1473 1638 1641 1671 diversum
1665 1638 1725 1677 sit,
1756 1641 1866 1671 tamen
1891 1647 1963 1671 esse
1978 1637 2143 1671 laudabile
2163 1647 2171 1668 :
2194 1638 2223 1670 si
2238 1637 2327 1671 enim
2349 1637 2425 1670 1011-

1377 1697 1534 1736 110111111111,
1555 1697 1654 1730 81111111
1672 1699 1722 1730 est
1746 1698 1899 1740 justum:
1922 1697 2081 1730 nimirum
2096 1696 2263 1740 quidquid
2285 1695 2425 1730 laudan-

1377 1756 1458 1790 dum
1473 1759 1543 1796 est,
1565 1757 1696 1799 justum
1720 1757 1882 1795 habetur,
1911 1758 1945 1790 et
1965 1756 2111 1799 justitia,
2143 1755 2425 1800 quemadmodum
2445 1803 2449 1807 ⁸
2490 1761 2492 1765 ’

1376 1816 1410 1849 111
1425 1816 1650 1859 superioribus
1673 1816 1897 1855 ostendimus,
1920 1815 2067 1859 perfecta
2086 1816 2196 1850 virtus
2212 1817 2264 1850 est
2279 1826 2288 1846 :
2305 1814 2425 1859 quodsi

1374 1884 1440 1907 non
1457 1876 1508 1907 est
1523 1875 1669 1917 justum,
1689 1883 1730 1907 ne
1755 1874 1958 1907 laudandum
1975 1874 2111 1917 quidem
2128 1876 2180 1908 est
2203 1884 2211 1905 =
2227 1875 2288 1909 aut
2305 1874 2333 1908 si
2350 1874 2425 1907 lau-
2477 1889 2483 1921 χ

1377 1934 1523 1967 dandum
1536 1936 1586 1966 est
1606 1934 1641 1966 id
1656 1933 1747 1976 quod
1763 1936 1813 1966 est
1832 1943 1966 1975 aequum
1978 1959 1986 1972 ,
2014 1943 2080 1966 11011
2097 1935 2149 1966 081
2168 1932 2372 1966 laudandum
2387 1931 2425 1966 id

1376 1993 1467 2036 quod
1484 1994 1534 2027 est
1545 1993 1698 2035 justum:
1718 1993 1790 2026 haec
1805 1993 1906 2035 igitur
1920 1991 1989 2026 fere
2002 1994 2080 2026 sunt
2093 2001 2170 2036 quae
2185 1991 2424 2026 dubitationem

1376 2052 1509 2085 habent.
1529 2054 1591 2084 Est
1604 2054 1716 2085 autem
1732 2054 1913 2094 utrumque
1930 2060 2059 2090 verum,
2081 2053 2155 2084 tum
2170 2050 2260 2084 idem
2272 2051 2328 2093 1118
2339 2058 2426 2090 0880,

1377 2109 1451 2140 111111
1463 2107 1564 2146 0111111,
1583 2117 1690 2150 neque
1703 2108 1776 2141 haec
1788 2107 1855 2141 duo
1874 2107 1960 2140 inter
1975 2116 2009 2141 se
2025 2107 2219 2150 repugnant.
2238 2105 2373 2140 Etenim
2388 2108 2424 2143 01

1375 2164 1430 2206 1118
1444 2166 1477 2197 01
1499 2164 1573 2207 jure
1591 2164 1710 2197 melius
1728 2166 1781 2197 est
1807 2172 1960 2206 aequum,
1991 2172 2098 2206 neque
2116 2164 2276 2206 tanquam
2300 2159 2422 2195 diversi

1378 2219 1504 2261 generis
1517 2220 1593 2262 jure
1605 2219 1676 2262 ipso
1695 2219 1814 2252 melius
1841 2221 1911 2257 est,
1930 2217 1988 2252 sed
2004 2220 2043 2251 111
2055 2226 2132 2260 pars
2148 2216 2234 2250 alius
2247 2215 2352 2259 partis
2369 2223 2426 2248 00-

1378 2273 1485 2312 gnatae
1501 2281 1508 2302 ε
1524 2280 1695 2315 quumque
1710 2271 1793 2304 illud
1808 2272 1840 2304 et
1853 2271 2029 2303 honestum
2044 2269 2087 2302 sit
2100 2271 2134 2302 et
2143 2269 2284 2311 1118111111,
2302 2267 2426 2310 justius

1379 2327 1490 2358 tamen
1513 2327 1546 2358 et
1568 2324 1740 2357 honestius
1758 2326 1808 2357 est
1824 2333 1970 2366 aequum.
1997 2323 2162 2357 Caeterum
2185 2322 2270 2355 110110
2290 2315 2431 2355 dubita-²

1379 2379 1501 2411 tionem
1525 2376 1610 2409 illud
1637 2376 1770 2415 attulit,
1802 2375 1893 2418 quod
1920 2376 2030 2418 ipsum
2057 2383 2190 2417 quoque
2209 2382 2345 2416 aequum
2370 2373 2426 2416 1118

1379 2433 1446 2469 081,
1470 2439 1535 2462 non
1554 2432 1664 2461 tamen
1688 2429 1741 2462 lex
1761 2428 1849 2470 lege,
1870 2428 1950 2471 quia
1966 2437 2031 2460 non
2052 2426 2238 2459 continetur
2255 2426 2342 2469 lege,
2366 2425 2426 2460 sed

1380 2482 1518 2525 legitimi
1541 2481 1624 2524 luris
1641 2480 1799 2514 eorrectio
1815 2482 1876 2513 est.
1897 2480 1979 2522 Ejus
1998 2489 2077 2512 vero
2091 2478 2304 2511 correctionis
2325 2486 2424 2512 causa

1378 2539 1452 2572 haec
1471 2538 1538 2574 est,
1561 2535 1651 2578 quod
1670 2535 1723 2568 lex
1755 2533 1861 2567 omnis
1880 2531 2074 2575 generaliter
2101 2531 2265 2570 decernit,
2285 2531 2425 2574 quibus-

1379 2594 1457 2628 dam
1475 2592 1586 2624 autem
1606 2587 1826 2631 singularibus
1846 2584 2085 2620 accommodari
2107 2587 2207 2618 rectae
2221 2584 2340 2618 rationi
2351 2593 2426 2618 eon-

1379 2646 1548 2680 venienter
1569 2652 1633 2675 non
1660 2642 1785 2683 potest,
1820 2639 1899 2682 quia
1929 2640 1967 2671 nt
1985 2638 2039 2672 lex
2067 2636 2202 2671 delinita
2221 2638 2290 2676 est,
2308 2637 2357 2670 ita
2377 2636 2420 2670 ad

1378 2697 1551 2731 definitum
1580 2693 1662 2737 quid
1691 2694 1834 2736 spectat,
1866 2690 2035 2724 indefinita
2051 2691 2162 2723 autem
2189 2690 2267 2722 sunt
2291 2690 2325 2722 et
2343 2688 2425 2722 alias

1379 2753 1475 2786 ahter
1491 2761 1526 2784 se
1538 2750 1660 2783 habent
1674 2746 1883 2790 singularia.
1876 2757 1882 2765 ·
1904 2743 2046 2787 exempli
2064 2743 2169 2786 gratia
2189 2742 2244 2776 lex
2255 2741 2350 2784 jubet
2366 2750 2425 2783 ge-

1378 2804 1520 2838 neratim
1536 2801 1754 2846 peregrinum,
1778 2798 1970 2842 quicunque
1991 2805 2105 2829 muros
2119 2794 2211 2829 urbis
2227 2793 2421 2832 ascenderit,

1379 2857 1488 2891 mori:
1511 2857 1594 2888 forte
1612 2854 1745 2886 fortuna
1763 2850 1884 2894 aliquis
1905 2848 2062 2887 ascendit,
2093 2847 2155 2891 qui
2169 2846 2306 2890 egregiae
2328 2843 2425 2879 forti-

1379 2909 1505 2944 tudinis
1520 2908 1754 2941 documentum
1778 2903 1896 2937 dedit:
1923 2901 1952 2934 si
1976 2910 2052 2943 ergo
2069 2900 2174 2942 legem
2194 2899 2280 2933 hanc
2296 2897 2346 2931 illi
2365 2897 2426 2940 qui

1380 2962 1509 2995 fortiter
1536 2959 1695 3003 pugnavit
1724 2955 2031 2993 accommodemus,
2061 2954 2161 2994 atque
2190 2949 2425 2984 interficiamus

1381 3014 1562 3050 hominem,
1581 3012 1702 3054 praeter
1727 3012 1849 3043 rectam
1871 3006 2031 3040 rationem
2050 3005 2084 3036 01
2100 3004 2214 3036 contra
2230 3002 2286 3044 jus
2305 3000 2422 3044 fasque

1381 3066 1554 3108 ege1imus
1572 3063 1695 3097 Eadem
1713 3064 1825 3095 autem
1849 3059 2032 3092 multarum
2046 3057 2144 3091 etiam
2158 3055 2299 3088 aliarum
2312 3061 2423 3087 rerum

1381 3121 1466 3154 ratio
1482 3122 1558 3153 est:
1581 3121 1614 3152 et
1637 3121 1748 3151 tamen
1760 3125 1820 3150 1100
1838 3115 1872 3148 111
1889 3115 1975 3157 lege,
1997 3121 2058 3146 1100
2072 3112 2107 3144 111
2120 3111 2231 3153 legum
2245 3109 2349 3143 latore
2370 3107 2425 3140 1110

1382 3183 1472 3208 error
1489 3174 1551 3211 est,
1573 3170 1651 3204 sed
1642 3180 1676 3203 111
1688 3170 1759 3212 ipsa
1773 3177 1885 3201 rerum
1899 3168 2028 3199 natura.
2046 3163 2178 3197 Etenim
2190 3162 2244 3196 lex
2259 3161 2342 3204 quia
2354 3157 2425 3192 fieri

1382 3238 1447 3261 non
1465 3227 1591 3270 potest,
1613 3226 1652 3257 ut
1681 3221 1858 3264 singularia
1885 3217 2140 3261 comprehendat
2159 3215 2289 3253 omnia,
2318 3222 2425 3257 quum

1382 3281 1507 3315 infinita
1529 3279 1605 3319 sint,
1620 3277 1711 3320 quod
1729 3276 1923 3319 plerumque
1942 3273 1978 3305 fit
1996 3271 2118 3310 81111111,
2133 3270 2233 3312 idque
2248 3266 2424 3310 respiciens

280 3351 2422 3386 ——-—--—-—————————-——----·-———·——.“

322 3423 339 3439 *
353 3423 431 3466 Gap.
454 3426 502 3456 10.
526 3422 600 3465 περὶ
620 3421 656 3453 δὲ
673 3419 845 3456 ἐπιεικείας
863 3418 919 3451 καὶ
935 3419 994 3450 τοῦ
1012 3416 1174 3452 ἐπιεικοῦς
1190 3415 1259 3446 κτλ.
