2508 3776
665 184 964 227 ETHICORUM
993 183 1448 227 NICOMAGHEORUM
1482 184 1866 226 PARAPHRASIS.

2272 189 2341 226 441

82 281 114 333 ³3?
182 276 253 333 ph
266 290 363 353 τινας
380 274 519 330 σοφούς·
541 272 664 328 ὥσπερ
687 271 852 328 ’Ὅμηρός
869 289 976 329 φησιν
1002 275 1037 313 ἔν
1057 275 1110 327 τῷ
1130 274 1236 328 Μαρ-
1297 287 1364 311 uno
1380 277 1492 321 aliquo
1513 279 1678 321 sapientes
1695 279 1861 324 quosdam
1878 280 2046 314 dicimus:
2076 280 2163 314 sicut
2188 282 2352 314 Homerus

87 400 232 471 :4be
245 414 328 513 Αἰξὶν
340 431 369 464 δ’
383 429 452 464 οὔτ’
465 429 516 473 ἄρ’
538 434 714 474 σκαπτῆρα
732 430 800 463 θεοὶ
817 429 926 471 θέσαν,
945 429 1013 463 οὔτ’
1034 430 1179 477 ἆροτῆρ’,

126 480 135 500 ·⁵
172 469 258 505 «ω’
315 478 345 511 τ’
361 478 462 516 ἄλλως
480 489 512 511 τι
526 478 640 520 σοφόν·

172 563 179 576 '
251 563 421 612 δῆλον,
448 563 503 603 ὅτι
524 565 548 611 ἡ
587 561 825 615 ἀκριὸεστοίτη
863 563 933 600 τῶν
964 563 1170 613 ἐπιστημων
1192 559 1234 600 ἂι

210 626 277 672 ἦ
298 623 423 678 σοφία,
447 623 513 664 κᾶν
534 639 571 663 τε
591 622 657 671 τὴν
685 621 834 674 μερικὴν
866 621 948 675 εἴπῃ
966 642 980 659 ι
1003 637 1072 671 τις,
1108 620 1176 660 κᾶν
1196 636 1234 660 τε

126 682 245 732 ’,τὴν
262 683 426 729 καθόλου·
447 682 472 732 ἥ
489 698 527 723 τε
548 682 617 736 γὰρ
637 682 765 736 μερικὴ
789 682 876 722 αὐτὸ
895 681 998 721 τουτό
1015 682 1106 720 ἔστιν
1127 683 1233 734 ἀκρι-

130 741 247 792 >fik
260 743 445 795 ὄπιστήμη
464 742 525 782 καὶ
545 741 675 795 τέχνη,
692 742 755 782 καὶ
782 744 828 812 ἡω
826 741 994 788 καθόλου,
1028 740 1086 778 διὰ
1107 740 1147 779 τὸ
1167 756 1234 779 κα-

178 802 282 842 θόλου
301 795 414 854 εἶναι,
431 801 702 856 ἀκριὸεστέρα’
686 801 761 840 εστὶ
781 802 851 840 τῶν
871 801 1002 847 ἄλλων,
1023 799 1102 839 καθ’
1124 798 1204 838 ὅσον
1217 799 1235 822 ¹³

179 861 315 914 μᾶλλόν
335 863 428 902 ἐστιν
446 859 641 914 ὡρισμένη.
661 859 767 900 Ἐπεὶ
782 860 896 900 τοίνυν
912 858 1064 898 καθόλου
1082 858 1116 897 τί
1139 860 1234 897 ἐστιν

167 922 203 969 Ᾰὴ
223 918 349 974 σοφία,
368 919 420 958 δεῖ
435 920 494 960 τὸν
524 919 630 972 σοφὸν
658 919 716 958 τὸν
736 920 818 958 κατ’
850 919 960 966 αὐτὴν
988 919 1093 972 σοφὸν
1117 918 1166 968 μὴ
1196 918 1237 958 τὸ

126 977 244 1034 *eph
261 980 332 1020 τῶν
348 980 514 1032 γνωστῶν
540 978 670 1018 εἰδέναι
682 1009 693 1030 ,
707 977 748 1017 τὸ
765 978 800 1017 δὲ
818 980 968 1030 ἀγνοεῖν·
985 978 1046 1018 καὶ
1063 978 1119 1017 διὰ
1133 981 1236 1018 τοῦτο

151 1035 231 1095 Δ’1ιῆ
249 1037 356 1091 μόνον
373 1037 421 1078 τὰ
436 1038 631 1078 ἅποδεικτὰ
650 1040 668 1077 ὁ
688 1038 792 1091 σοφὸς
810 1038 964 1087 εἴσεται,
980 1038 1072 1078 ἀλλὰ
1091 1036 1153 1078 καὶ
1174 1036 1237 1082 τὰς

176 1098 317 1153 ἃρχᾶς,
341 1097 419 1138 ὅθεν
440 1100 477 1138 αἱ
493 1097 706 1149 ἀποδείξεις,
728 1098 790 1138 καὶ
819 1098 878 1138 τὸν
906 1101 1134 1152 ἐγχωροῧντα
1152 1097 1231 1150 περὶ

102 1154 134 1214 33²
177 1159 295 1201 αὖτῶν
314 1157 494 1199 ἀποδώσει
525 1158 641 1211 λόγον.
689 1155 809 1198 ’Ὥστε
840 1157 894 1206 εἴη
918 1158 959 1197 ἂν
986 1161 1010 1206 ἢ
1028 1157 1134 1211 σοφία
1154 1161 1232 1202 νοῦς

99 1249 130 1263 ,0
177 1218 240 1260 καὶ
255 1216 518 1269 gusernan-ml
531 1217 642 1262 οὕτως
656 1216 758 1257 ἔσται
773 1217 958 1268 ἐπιστήμη
975 1220 998 1265 ἡ
1020 1215 1234 1267 τιμιωτάτη,

103 1273 114 1330 ,”
177 1278 338 1332 καθάπερ
359 1276 517 1332 κεφαλὴν
538 1276 670 1330 ἔχουσα
686 1277 748 1322 τὰς
768 1276 896 1330 ἀρχάς.
923 1276 988 1317 Ἔν
1010 1276 1078 1329 γὰρ
1100 1278 1153 1329 τῷ
1173 1276 1235 1314 αὗ-

91 1338 119 1390 ἶ]
177 1342 242 1388 τῆς
258 1338 355 1394 λόγῳ
371 1336 434 1378 καὶ
453 1336 500 1377 τὰ
518 1338 711 1377 ἀπόδεικτα
732 1343 746 1361 ⁰
764 1336 826 1377 καὶ
842 1337 954 1390 ἀρχαὶ
973 1335 1232 1387 λαμὸάνονται·

95 1392 100 1399 ι
177 1391 238 1440 Ῐπὶ
255 1397 324 1454 γὰρ
347 1401 418 1439 τῶν
433 1397 552 1438 ἄλλων
571 1399 780 1449 ἐπιστημῶν
795 1398 862 1450 οὔχ
877 1397 987 1442 οὕτως
1003 1396 1090 1450 ἔχει·
1113 1397 1152 1435 οὖ
1167 1394 1236 1449 γὰρ

177 1459 216 1499 ἰν
233 1460 285 1513 τῷ
303 1460 443 1512 ὁρισμῷ
469 1459 586 1497 αὐτῶν
606 1460 629 1506 ἡ
657 1459 784 1510 γνῶσις
803 1460 874 1496 τῶν
895 1458 1016 1511 ἀρχῶν
1037 1456 1235 1508 παραλαμ-

96 1526 126 1566 *5
178 1517 345 1568 δᾶνεται,
365 1516 460 1558 ἀλλὰ
482 1519 554 1557 τῶν
575 1518 793 1557 ἀποδείκτων
808 1522 824 1546 ‘¹
843 1517 964 1567 μόνον.

117 1578 125 1582 ’
168 1594 191 1599 ”
231 1576 436 1632 *Διαφέρει
453 1575 492 1617 δὲ
510 1578 533 1624 ἡ
547 1575 654 1630 σοφία
671 1575 888 1650 φρονήσεως).
908 1576 961 1614 ὅτι
976 1579 998 1623 ἦ
1017 1574 1081 1626 μὲν
1101 1572 1235 1627 φρόνη-

87 1638 122 1678 ἶ
165 1644 241 1685 'irie
248 1637 415 1686 πολιτική
433 1637 543 1684 ἔστιν,
563 1641 587 1686 ἡ
609 1635 646 1675 δὲ
666 1636 772 1690 σοφία
793 1639 816 1684 ἡ
840 1637 911 1674 τῶν
936 1634 1054 1674 ἄλλων
1085 1635 1232 1679 ἐπιστη-

110 1687 112 1690 V
123 1695 548 1756 ρῦτσπουδαιοτσίτη·
582 1696 621 1735 οὔ
649 1695 719 1748 γὰρ
754 1695 921 1750 φρόνησις
957 1692 1235 1740 σπουδαιοτάτη·

191 1747 446 1824 ’ροδαιοτάτη
462 1755 531 1809 γάρ
550 1757 667 1805 ἐστιν,
691 1754 768 1804 ἥτις
787 1755 869 1808 περὶ
889 1755 930 1794 τὸ
951 1753 1095 1806 ἄριστον
1121 1768 1234 1792 κατα-

90 1863 122 1870 „
252 1830 326 1874 ται·
345 1820 370 1866 ἡ
386 1817 423 1856 δὲ
442 1816 608 1870 φρόνησις
626 1815 708 1869 περὶ
735 1815 781 1854 τὰ
811 1814 1018 1867 ἀνθρώπινα
1038 1812 1155 1865 ἀγαθὰ
1174 1829 1238 1853 κα-

171 1874 368 1941 “xlmas
381 1876 448 1917 ὅδὲ
467 1876 650 1930 ἄνθρωπος
670 1875 732 1915 και
751 1876 797 1915 τὰ
814 1878 920 1914 αὐτοῦ
937 1872 1055 1927 ἀγαθὰ
1075 1874 1139 1912 οὔκ
1159 1873 1236 1913 ἔστι

111 1959 121 1979 ς
171 1927 226 1987 τὸ
219 1932 395 2001 ξριστον.
417 1935 503 1978 'Fu
523 1935 690 1990 φρόνιμόν
711 1937 786 1976 ἐστι
806 1935 846 1974 τὸ
863 1934 1040 1987 εὖρετικὸν
1061 1949 1122 1972 του
1150 1934 1236 1979 ἰδίου

121 1977 331 2059 ᾑᾳθου
355 1995 487 2050 ἀγαθὸν
508 1996 546 2035 δὲ
574 1996 613 2035 οὗ
647 2000 736 2035 πᾶσι
755 1996 795 2034 τὸ
816 1994 914 2033 αὐτό·
936 1995 976 2033 οὗ
1000 1992 1070 2046 γὰρ
1089 1992 1128 2032 τὸ
1151 1994 1237 2034 αὐτὸ

84 2064 113 2106 ξ,
177 2060 288 2118 quw
319 2053 467 2108 ὖγιεινον
489 2053 551 2094 καὶ
570 2051 760 2106 ὠφέλιμον·
795 2053 963 2106 φρόνιμον
981 2052 1051 2104 ἄρα
1076 2052 1115 2089 οὗ
1139 2050 1237 2126 παρὰ

172 2111 268 2170 σῇσι
283 2115 325 2155 τὸ
343 2113 446 2155 aaz&
465 2114 571 2164 σοφὸν
589 2113 627 2153 δὲ
643 2113 683 2152 τὸ
704 2113 789 2152 αὐτὸ
819 2112 920 2166 παρὰ
941 2117 1066 2151 πᾶσιν.
1089 2110 1144 2151 Τὸ
1165 2111 1236 2166 γὰρ

148 2173 370 2225 ἐπιστητὸν
388 2172 508 2228 σοφόν·
525 2172 568 2212 τὸ
591 2171 628 2212 δὲ
647 2171 689 2211 τὸ
704 2171 871 2224 τρίγωνον
895 2171 955 2210 δύο
981 2170 1086 2224 ὀρθὰς
1117 2169 1235 2222 ἔχειν,

154 2231 367 2282 iamt&
397 2232 496 2282 ἔστι,
520 2230 584 2271 καὶ
609 2230 651 2270 τὸ
672 2231 758 2270 αὐτὸ
790 2233 887 2270 δοκεῖ
906 2229 1005 2283 παρὰ
1030 2234 1138 2269 πᾶσιν
1160 2230 1237 2268 ε’πι-

94 2301 100 2310 ¹
116 2310 118 2314 ’
179 2293 311 2343 mter
329 2285 446 2341 εἶναι,
464 2290 626 2345 καθάπερ
645 2291 707 2331 καὶ
737 2291 779 2330 τὸ
803 2290 889 2330 αὐτὸ
907 2289 987 2329 εὖθυ
1003 2288 1064 2327 καὶ
1094 2287 1135 2326 τὸ
1153 2287 1238 2326 αὐτὸ

98 2363 117 2407 ,g
177 2353 307 2395 Μυσὸν
334 2350 436 2407 παρὰ
462 2357 588 2393 πᾶσιν·
626 2350 794 2404 φρόνιμον
823 2351 859 2390 δὲ
880 2352 944 2390 οὐκ
966 2350 1021 2388 ἐπ’
1041 2347 1237 2400 ἀνθρώπων

89 2454 123 2462 ,Ἴ
266 2428 313 2464 ν,
333 2411 428 2452 ἀλλὰ
442 2409 504 2451 καὶ
524 2410 583 2450 ἐπὶ
601 2412 671 2450 τῶν
695 2409 833 2458 ἄλλων,
862 2408 903 2448 τὸ
923 2408 1063 2484 θεωρεῖν
1084 2407 1235 2446 ἕκαστον

91 2462 95 2470 “
176 2471 230 2513 τὰ
240 2474 370 2512 ἐαυτοῦ
389 2469 506 2523 ἀγαθὰ
526 2469 586 2510 καὶ
605 2469 787 2523 πράττειν·
809 2468 885 2509 ὅθεν
908 2468 970 2509 καὶ
990 2468 1065 2508 ἔνια
1082 2469 1152 2506 τῶν
1174 2470 1235 2515 θη-

123 2531 267 2587 phu
284 2530 439 2587 φρόνιμοί
469 2545 575 2584 φασιν
595 2545 707 2579 ειναι,
737 2529 803 2568 ὅσα
823 2529 906 2582 περὶ
929 2528 989 2568 τὸν
1014 2529 1131 2566 αυτῶν
1163 2526 1237 2579 βίον

181 2591 311 2646 ἔχοντα
329 2590 491 2646 φαίνεται
521 2588 671 2641 δύναμιν
700 2589 950 2644 προνοητικήν·
983 2586 1131 2643 φανερὸν
1161 2588 1239 2626 τοί-

179 2667 255 2701 νυν,
273 2648 330 2691 ὅτι
343 2653 407 2692 οὔκ
423 2649 465 2690 ἂν
481 2648 538 2699 εἴη
557 2652 581 2698 ἡ
596 2648 702 2704 σοφία
715 2649 776 2689 καὶ
792 2653 812 2698 ἡ
829 2648 999 2703 φρόνησις
1018 2651 1041 2696 ἡ
1058 2646 1165 2690 αὐτή.
1192 2648 1238 2687 Εἰ

86 2747 98 2752 ,
143 2709 251 2770 γὰρ
267 2709 333 2760 τὴν
349 2709 547 2764 πρακτικὴν
565 2711 635 2749 τῶν
657 2711 792 2753 ἑαυτοῖς
816 2709 1006 2763 ὠφελίμων
1034 2710 1154 2760 ἐρουσι
1177 2722 1236 2746 σο-

180 2768 290 2825 φίαν,
321 2769 453 2809 πολλαὶ
488 2768 631 2808 ἔσονται
664 2768 798 2823 σοφίαι·
823 2768 940 2808 πολλὰ
974 2767 1043 2821 γὰρ
1067 2767 1114 2807 τὰ
1145 2766 1238 2820 ὠφέ-

76 2828 131 2875 ''f-as
178 2828 271 2883 λιμα
289 2829 442 2883 ἑκάστῳ·
458 2828 620 2882 καθάπερ
639 2827 701 2868 καὶ
718 2827 860 2882 ἰατρικὴ
881 2829 920 2868 οὗ
945 2827 1010 2880 μία
1023 2843 1105 2876 περι
1122 2827 1238 2867 πάντα

115 2917 123 2940 ·.
179 2888 226 2928 τὰ
252 2889 340 2942 ζῷα·
353 2894 368 2913 ⁴²
395 2887 484 2928 διότι
511 2887 631 2933 ἄλλοις
651 2888 743 2927 ἄλλα
765 2887 898 2939 ὑγιεινὰ
918 2886 942 2935 ἢ
969 2886 1121 2934 νοσώδη·
1152 2885 1238 2925 εἰδὲ

26 2942 28 2944 V
84 2935 123 2990 f-
181 2947 284 3001 ,οἷον
320 2947 502 3002 βέλτιστον
548 2951 638 2987 εἶναι
687 2947 746 2986 τὸν
786 2947 969 3000 ἄνθρωπον
1009 2949 1081 2986 τῶν
1121 2946 1238 2986 ἄλλων

119 3001 161 3028 '
180 3005 311 3062 ζῴωνί
327 3006 389 3048 καὶ
409 3007 468 3047 διὰ
481 3022 583 3048 τουτο
601 3005 664 3055 τὴν
682 3007 891 3055 πολιτικήν,
910 3006 990 3055 ἤτοι
1017 3005 1082 3053 τὴν
1106 3005 1239 3060 φρόνη-

90 3066 134 3124 1²
182 3069 265 3118 ἂν,
284 3067 570 3117 σπουδαιοτάτην
600 3060 694 3126 εἶναι
700 3068 903 3119 ,καθάπερ
933 3069 952 3114 ἡ
975 3065 1104 3118 σοφία,
1140 3065 1237 3104 οὐδὲν

182 3122 351 3204 Ξαξιφέρει·
374 3128 435 3168 καὶ
454 3126 523 3182 γὰρ
543 3126 727 3180 ἀνθρωπου
748 3127 840 3165 ἄλλα
860 3127 982 3178 πολλῳ
1003 3124 1159 3178 θειότερα
1173 3123 1237 3173 τὴν

83 3185 298 3296 ἓξὲξ·
318 3180 384 3288 οἶαό
395 3187 442 3227 τὰ
460 3186 645 3241 προδήλως
678 3186 888 3227 συνιστάντα
910 3183 950 3224 τὸ
966 3189 1051 3224 πᾶν·
1084 3183 1179 3236 λέγω
1195 3183 1237 3231 δὴ

303 3251 324 3288 ὁ
342 3263 363 3287 κ
385 3263 406 3287 σ
437 3263 473 3292 ος
495 3247 723 3296 συνέστηκεν.

206 3306 280 3335 '⁸
292 3306 363 3348 Ἐκ
378 3264 448 3347 tgr
465 3307 658 3361 εἰρημένων
675 3306 711 3346 δὲ
726 3308 846 3355 δῆλον,
864 3304 918 3345 ὅτι
937 3303 1043 3358 σοφία
1066 3301 1141 3344 ἐστὶ
1161 3318 1239 3348 νους

87 1802 119 1833 ..ἓ
165 1805 227 1835 2⁴⁵1

1 3129 9 3162 l

2 3169 12 3194 ς

3 3194 11 3207 Ι

1298 337 1344 371 ait
1365 337 1399 370 in
1415 338 1554 380 Margite
1581 351 1588 371 :

1370 443 1430 473 Hic
1443 452 1542 482 neque
1555 444 1655 477 fossor
1668 448 1747 481 erat,
1760 454 1860 484 neque
1874 449 1983 476 arator
2001 455 2132 477 munere
2147 447 2279 483 Divum,

1368 499 1427 520 nec
1442 492 1569 529 sapiens
1588 493 1658 522 ulla
1670 493 1705 522 in
1724 502 1757 522 re
1771 494 1850 523 alia.

1298 602 1520 639 Quamobrem
1546 602 1758 646 perspicuum
1781 607 1852 644 est,
1880 606 2132 640 subtilissimam
2161 606 2355 651 disciplina-

1298 664 1373 688 rum
1396 657 1546 690 omnium
1569 667 1643 691 esse
1670 660 1890 705 sapientiam,
1910 662 1981 696 sive
2002 662 2256 706 particularem,
2285 664 2356 698 sive

1298 713 1518 748 universalem
1536 716 1703 759 intelligas
1724 730 1732 750 :
1750 720 1873 753 etenim
1892 723 1926 753 et
1942 720 2153 763 particularis
2170 721 2232 755 hoc
2244 722 2356 764 ipsum

1299 772 1471 814 est‚vquod
1487 773 1635 809 diximus
1649 802 1657 817 ,
1680 777 1814 811 subtilis
1827 777 2001 820 disciplina
2020 780 2053 811 et
2071 787 2145 818 ars,
2166 780 2201 812 et
2218 779 2355 813 univer-

1299 828 1397 871 salis,
1419 833 1500 876 quia
1519 832 1718 866 universalis
1740 836 1811 873 est,
1843 834 1982 877 reliquis
1998 837 2049 868 est
2075 835 2240 874 subtilior,
2271 845 2357 879 qua-

1298 895 1396 926 tenus
1418 890 1526 933 magis
1540 892 1592 924 est
1611 890 1757 924 definita.
1780 892 1892 930 Quum
1914 901 1991 934 ergo
2009 892 2196 926 universale
2211 892 2294 935 quid
2313 892 2358 926 sit

1298 945 1476 988 sapientia,
1494 948 1627 989 oportet
1648 946 1847 989 sapientem,
1881 946 1939 988 qui
1960 947 2094 979 omnino
2110 947 2189 981 talis
2207 948 2265 986 sit,
2291 956 2358 981 non

1297 1001 1453 1044 quaedam
1469 1011 1586 1035 eorum
1605 1012 1682 1046 quae
1699 1003 1852 1046 cognosci
1874 1005 2036 1046 possunt,
2062 1003 2165 1044 scire,
2183 1003 2249 1037 alia
2264 1003 2359 1046 igno-

1298 1064 1399 1089 rare:
1427 1057 1570 1101 ideoque
1600 1068 1666 1091 non
1691 1059 1800 1092 solum
1831 1058 1889 1091 illa
1917 1067 1995 1101 quae
2021 1058 2359 1093 demonstrationibus

1297 1109 1491 1151 probantur,
1513 1109 1572 1142 sed
1602 1110 1704 1143 etiam
1736 1109 1912 1153 principia.
1942 1119 1962 1142 a
1986 1110 2110 1153 quibus
2134 1111 2209 1145 istae
2226 1111 2359 1155 profici-

1297 1169 1445 1207 scuntur,
1468 1170 1550 1203 sciet
1572 1171 1721 1214 sapiens,
1753 1174 1787 1205 et
1818 1170 2024 1214 probabilem
2053 1169 2095 1203 de
2128 1169 2171 1202 iis
2195 1168 2359 1202 rationem

1297 1219 1425 1254 reddet.
1456 1223 1575 1266 Itaque
1603 1224 1764 1267 sapientia
1801 1223 2024 1267 appellabitur
2056 1225 2130 1255 tum
2159 1230 2255 1254 mens
2286 1223 2360 1253 tum

1298 1273 1436 1308 scientia
1452 1302 1459 1314 ,
1475 1285 1581 1319 eoque
1597 1277 1697 1310 modo
1720 1277 1815 1320 longe
1839 1275 2096 1319 praeclarissima
2117 1274 2182 1308 erit
2202 1273 2359 1314 scientia,

1298 1329 1414 1369 utpote
1435 1338 1512 1372 quae
1534 1331 1653 1373 capitis
1666 1331 1771 1364 instar
1791 1330 1952 1373 principia
1980 1329 2112 1363 habeat.
2133 1330 2171 1362 In
2187 1329 2260 1369 ejus
2272 1327 2360 1361 enim

1298 1379 1488 1415 definitione
1503 1392 1558 1416 res
1573 1383 1850 1418 demonstrabiles
1868 1392 1946 1416 cum
1969 1382 2141 1426 principiis
2158 1382 2360 1424 conjungun-

1298 1436 1365 1474 tur,
1390 1445 1497 1478 quum
1523 1440 1721 1471 caeterarum
1754 1437 2007 1480 disciplinarum
2042 1446 2108 1469 non
2134 1435 2250 1469 eadem
2274 1435 2360 1468 ratio

1300 1488 1344 1522 sit
1363 1500 1370 1522 ε
1390 1499 1499 1533 neque
1513 1491 1602 1525 enim
1620 1492 1664 1526 ad
1679 1501 1737 1526 eas
1764 1491 1970 1525 definiendas
1988 1490 2228 1534 principiorum
2245 1489 2357 1528 etiam,

1300 1541 1359 1574 sed
1377 1543 1447 1576 sola
1463 1553 1577 1578 rerum
1593 1544 1906 1579 demonstrabilium
1924 1544 2067 1587 cognitio
2084 1544 2275 1577 adhibetur.

1341 1595 1368 1626 Α
1383 1595 1560 1637 prudentia
1577 1599 1692 1631 autem
1709 1597 1825 1631 differt
1844 1597 2002 1640 sapientia
2015 1624 2022 1636 ,
2052 1597 2145 1640 quod
2158 1596 2266 1630 civilis
2287 1596 2362 1639 qui-

1299 1647 1375 1680 dem
1392 1649 1436 1682 sit
1458 1650 1652 1692 prudentia,
1689 1651 1852 1694 sapientia
1880 1660 1961 1684 vero
1982 1651 2191 1694 reliquarum
2211 1650 2360 1693 discipli·
2409 1645 2414 1650 ”

1299 1709 1417 1734 narum
1436 1702 1479 1735 sit
1505 1704 1781 1746 praestantissima
1802 1718 1810 1737 :
1835 1713 1944 1747 neque
1973 1703 2062 1737 enim
2084 1703 2360 1746 praestantissima

1299 1757 1351 1787 est
1381 1755 1585 1797 prudentia:
1611 1757 1734 1800 quippe
1763 1757 2039 1800 praestantissima
2069 1760 2136 1797 est,
2166 1766 2244 1800 quae
2265 1757 2301 1790 in
2323 1766 2361 1790 re

1299 1807 1425 1850 optima
1443 1811 1597 1843 versatur
1614 1823 1623 1843 ε
1644 1810 1821 1853 prudentia
1847 1820 1928 1845 vero
1943 1811 1977 1844 in
2004 1811 2101 1845 bonis
2118 1812 2274 1845 humanis
2292 1821 2360 1846 cer-

1299 1861 1392 1894 nitur
1419 1856 1558 1896 :homo
1586 1866 1700 1898 autem
1729 1864 1868 1907 ejusque
1902 1864 1989 1898 bona
2011 1874 2075 1898 non
2106 1868 2185 1898 sunt
2209 1865 2245 1899 id
2269 1865 2362 1908 quod

1298 1915 1465 1957 optimum
1492 1919 1554 1949 est.
1576 1918 1743 1950 Praeterea
1772 1917 1898 1950 bonum
1923 1927 2022 1950 suum
2046 1917 2195 1952 invenire
2217 1919 2361 1952 hominis

1298 1969 1472 2012 prudentis
1491 1972 1543 2003 est
1570 1981 1577 2002 :
1599 1971 1724 2004 bonum
1744 1974 1858 2005 autem
1890 1981 1956 2005 non
1982 1971 2072 2005 idem
2102 1974 2153 2006 est
2175 1973 2357 2007 omnibus:

1298 2032 1407 2066 neque
1426 2023 1515 2057 enim
1541 2023 1631 2056 idem
1653 2024 1807 2057 omnibus
1836 2024 1983 2058 salutare
2004 2027 2055 2058 est
2083 2027 2118 2058 et
2141 2026 2224 2059 utile
2244 2039 2252 2059 z
2279 2036 2361 2069 pru-

1299 2075 1412 2109 dentia
1431 2076 1534 2118 igitur
1552 2086 1618 2110 non
1635 2077 1724 2119 apud
1752 2087 1867 2110 omnes
1886 2077 2003 2111 eadem
2036 2080 2089 2111 est
2107 2090 2115 2110 :
2141 2081 2177 2111 at
2199 2079 2361 2121 sapientia

1299 2129 1390 2172 apud
1418 2139 1533 2164 omnes
1561 2130 1689 2164 eadem.
1723 2131 1821 2169 Quod
1847 2131 1935 2164 enim
1963 2131 2027 2164 sub
2054 2132 2226 2165 scientiam
2253 2133 2358 2173 cadit„

1299 2183 1430 2226 sapiens
1461 2183 1648 2226 appellatur
1682 2195 1690 2216 :
1726 2185 1812 2217 duas
1851 2193 1932 2218 vero
1964 2187 2074 2218 rectas
2105 2185 2209 2219 lineas
2236 2187 2361 2221 habere

1299 2237 1523 2279 triangulum,
1542 2239 1626 2271 scire
1647 2238 1741 2277 licet,
1770 2239 1927 2281 idemque
1959 2240 2114 2273 omnibus
2138 2240 2274 2274 videtur
2294 2242 2362 2275 tale

1299 2300 1372 2325 esse
1399 2294 1438 2324 ut
1460 2292 1537 2325 sciri
1564 2291 1687 2335 possit.
1710 2293 1798 2325 sicut
1818 2296 1947 2326 rectum
1975 2296 2035 2326 aut
2059 2293 2174 2327 album
2192 2294 2282 2328 idem
2309 2298 2362 2330 est

1299 2344 1390 2387 apud
1411 2353 1527 2378 omnes
1547 2357 1554 2376 :
1575 2344 1610 2377 id
1631 2347 1745 2378 autem
1764 2345 1855 2388 quod
1879 2345 2025 2387 prudens
2042 2346 2186 2380 dicimus
2205 2357 2271 2381 non
2287 2350 2362 2383 tan-

1299 2399 1373 2430 tum
1390 2397 1425 2430 in
1445 2396 1654 2436 hominibus,
1674 2397 1733 2430 sed
1755 2397 1789 2430 in
1811 2397 1886 2437 aliis
1903 2398 2004 2431 etiam
2026 2398 2137 2432 locum
2155 2400 2277 2439 habet,
2297 2401 2361 2435 hoc

1300 2453 1368 2490 est,
1390 2452 1430 2483 ut
1457 2459 1518 2483 sua
1545 2451 1689 2493 quisque
1711 2450 1797 2484 bona
1820 2450 1975 2493 inspiciat
2007 2453 2041 2484 et
2073 2454 2150 2495 agat
2183 2467 2191 2486 :
2214 2453 2303 2487 unde
2326 2456 2362 2488 et

1300 2505 1423 2538 bestias
1444 2504 1620 2538 nonnullas
1648 2504 1830 2547 prudentes
1850 2514 1923 2539 esse
1947 2505 2061 2548 ajunt,
2081 2509 2249 2550 quotquot
2265 2507 2361 2542 vide-

1300 2558 1379 2591 licet
1397 2557 1592 2591 facultatem
1622 2557 1797 2600 providam
1821 2567 1934 2592 rerum
1959 2558 2004 2593 ad
2028 2559 2134 2593 vitam
2156 2563 2361 2595 necessaria-

1299 2622 1375 2645 rum
1399 2612 1524 2645 habere
1551 2614 1715 2654 apparet:
1739 2612 1955 2646 manifestum
1974 2622 2053 2658 ergo
2074 2615 2141 2654 est,
2164 2615 2359 2658 sapientiam

1300 2668 1334 2700 et
1355 2665 1566 2708 prudentiam
1592 2674 1658 2698 non
1687 2674 1760 2698 esse
1790 2666 1940 2700 eandem.
1977 2667 2013 2701 Si
2045 2667 2134 2701 enim
2163 2667 2359 2703 facultatem

1300 2719 1432 2761 agendi,
1463 2728 1540 2762 quae
1563 2717 1719 2761 expedire
1750 2718 1813 2751 sibi
1842 2719 1987 2763 quisque
2020 2723 2133 2764 putat,
2165 2723 2361 2765 sapientiam

1301 2773 1464 2813 dixerint,
1484 2773 1603 2806 multae
1622 2774 1720 2806 erunt
1734 2773 1904 2816 sapientiae
1923 2775 2067 2818 :quippe
2093 2776 2202 2810 multa
2223 2777 2362 2820 singulis

1299 2830 1438 2872 prosunt
1457 2839 1464 2860 :
1487 2828 1575 2861 sicut
1600 2837 1667 2861 non
1685 2826 1803 2861 eadem
1821 2828 1977 2863 omnibus
1995 2830 2196 2864 animalibus
2219 2831 2359 2866 adhibe-

1299 2885 1357 2917 tur
1372 2883 1555 2923 medicina,
1573 2882 1655 2926 quia
1684 2881 1751 2915 alia
1769 2882 1844 2916 aliis
1868 2883 2030 2918 salutaria
2052 2887 2112 2918 aut
2139 2885 2299 2920 damnosa
2326 2889 2360 2921 et

1300 2936 1452 2970 morbida
1470 2937 1548 2969 sunt
1575 2948 1584 2969 ε
1606 2935 1658 2968 sin
1675 2937 1789 2968 autem
1819 2935 2028 2979 reliquorum
2046 2938 2242 2972 animalium
2270 2940 2359 2983 opti-

1299 2999 1393 3023 mum
1412 2988 1580 3022 hominem
1595 2997 1669 3032 esse
1681 2987 1848 3029 dixerint,
1864 2988 2006 3032 ideoque
2026 2991 2158 3025 civilem
2173 2992 2356 3033 scientiam,

1299 3043 1335 3076 id
1367 3046 1435 3083 est,
1462 3043 1676 3087 prudentiam
1699 3052 1773 3076 esse
1805 3045 2138 3086 praestantissimam,
2169 3047 2280 3089 qualis
2304 3057 2359 3081 sa-

1299 3097 1423 3140 pientia
1440 3099 1509 3136 est,
1531 3096 1616 3130 nibil
1638 3095 1743 3130 refert
1765 3107 1773 3128 ε
1793 3098 1872 3129 sunt
1894 3097 1981 3130 enim
2012 3098 2077 3132 alia
2094 3099 2228 3132 homine
2251 3100 2359 3133 multo

1299 3151 1462 3184 diviniora
1488 3153 1608 3184 natura
1619 3178 1626 3190 ,
1647 3153 1687 3184 ut
1703 3160 1742 3184 ea
1758 3159 1836 3193 quae
1855 3151 2031 3185 manifesto
2047 3153 2242 3186 universum
2258 3163 2357 3196 coag-

1299 3208 1450 3239 mentant
1479 3217 1487 3238 :
1508 3214 1547 3239 ea
1566 3204 1723 3239 videlicet
1748 3204 1824 3238 dico
1853 3213 1895 3238 ex
1922 3206 2046 3248 quibus
2063 3207 2210 3241 mundus
2232 3208 2356 3240 contla-

1299 3263 1356 3294 tus
1371 3264 1432 3294 est.

1342 3322 1394 3354 Ex
1419 3320 1462 3354 iis
1490 3319 1604 3363 igitur,
1629 3329 1707 3364 quae
1732 3301 1897 3361 diximus,
1922 3322 2035 3364 patet,
2068 3320 2261 3363 sapientiam
2285 3330 2357 3354 esse

224 3485 243 3503 *
260 3485 398 3522 Ἄτοπον
415 3486 477 3532 γάρ
490 3512 499 3529 ,
522 3488 550 3520 εἲ
572 3498 620 3525 τις
637 3488 696 3527 τὴν
708 3486 895 3527 ἐπιστήμην
919 3485 990 3517 κτλ.
1013 3499 1054 3508 -
1068 3483 1106 3500 ”
1131 3482 1190 3515 Ἐκ
1199 3482 1238 3521 δὴ
1258 3484 1324 3514 τῶν
1341 3481 1520 3526 εἰρημένων
1533 3482 1603 3515 κτλ.
