2508 3776
277 197 355 238 318

699 290 790 341 Κεφ.
823 293 881 342 ιγ’.

273 397 348 429 Ὅτι
366 398 416 429 δεῖ
433 397 518 429 κατὰ
534 398 571 430 τὸ
585 403 750 441 προσῆκον
770 404 809 442 τῇ
825 401 882 444 ὕλῃ
898 402 970 440 τοὺς
987 397 1059 446 περὶ
1079 406 1176 446 αὐτῆς
1192 407 1306 449 λόγους

310 444 471 476 ἀπαιτεῖν.
490 445 553 477 Καὶ
571 445 621 477 ὅτι
637 446 697 478 οὐκ
717 447 748 479 ἐν
775 451 846 485 ταῖς
875 449 990 492 ἀρχαῖς
1009 452 1046 484 τὸ
1073 453 1155 486 διότι
1169 455 1307 493 ζητήσο-

309 501 378 531 μεν.

317 589 396 642 Χρὴ
418 588 453 628 δὲ
480 589 540 629 καὶ
565 593 632 631 τῶν
657 593 917 645 προειρημένων
937 595 1050 648 λόγων
1073 601 1299 650 μεμνῆσθαι,

265 647 324 686 καὶ
345 648 407 695 τὴν
441 650 621 701 ἀκρίὸειαν
655 652 703 702 μὴ
737 653 864 702 ὁμοίως
897 655 931 692 ἐν
966 655 1095 694 ἅπασιν
1130 659 1302 707 ἀπαιτεῖν,

264 706 341 745 ἀλλ’
357 710 390 746 ἐν
410 710 566 754 ἑκάστοις
584 710 675 749 κατὰ
697 711 759 756 τὴν
790 713 1025 764 ὑποκειμένην
1045 715 1143 763 ὕλην·
1164 717 1223 756 καὶ
1245 718 1301 756 ἐπὶ

262 771 445 817 τοσοῦτον,
462 771 513 822 ἐφ’
531 770 610 809 ὅσον
629 771 752 809 οἰκεῖον
770 775 811 824 τῇ
831 773 977 826 μεθόδῳ.
1007 775 1077 814 Καὶ
1099 775 1226 816 τέκτων
1241 777 1301 816 καὶ

261 826 464 879 γεωμέτρης
484 829 549 880 οὐχ
568 829 694 878 ὁμοίως
712 830 910 876 ἐπιζητοῦσι
932 831 994 879 τὴν
1017 833 1134 885 ὀρθήν·
1154 834 1300 878 ἕκαστος

259 885 341 937 γάρ,
373 886 424 940 ἐφ’
453 886 532 926 ὅσον
554 889 678 926 οἰκεῖον
703 890 746 941 τῇ
775 889 988 942 προκειμένῃ
1025 892 1171 945 μεθόδῳ·
1198 895 1216 931 ὁ
1237 894 1298 944 μὲν

258 944 325 996 γὰρ
357 946 487 984 τέκτων
523 950 683 986 τοσοῦτον
720 949 893 999 ἐπιζητεῖ,
929 948 1010 987 ὅσον
1039 951 1268 1003 χρησιμεύσει
1284 957 1299 976 ‘¹

259 1004 351 1056 αὐτῷ
374 1005 458 1057 πρὸς
478 1005 517 1044 τὸ
533 1006 644 1057 ἔργον·
664 1008 682 1043 ὁ
702 1005 737 1044 δὲ
757 1008 958 1060 γεωμέτρης
979 1009 1085 1056 αὐτὴν
1109 1010 1214 1063 ὀρθὴν
1235 1013 1296 1058 ζη·

257 1069 326 1112 τεῖ,
346 1065 380 1101 τί
396 1066 469 1103 ἐστι
489 1064 549 1103 καὶ
569 1065 666 1117 ποῖόν
686 1081 731 1104 τι·
754 1068 791 1104 οὐ
812 1065 877 1118 γὰρ
901 1066 1000 1118 ἔργον
1021 1084 1054 1106 τι
1070 1071 1297 1108 κατασκευά-

257 1137 315 1161 σαι
339 1125 500 1175 βούλεται
529 1125 572 1163 δι’
601 1125 727 1172 αὐτῆς,
754 1125 845 1164 ἀλλὰ
872 1125 928 1163 τὸν
953 1127 1064 1174 ἀληθῆ
1090 1129 1186 1175 ζητεῖ
1216 1130 1296 1181 περὶ

255 1183 362 1229 αὐτῆς
379 1183 494 1235 λόγον.
517 1182 585 1222 Τὸν
603 1183 704 1222 αὐτὸν
728 1184 769 1230 δὴ
794 1182 918 1236 τρόπον
937 1185 996 1223 καὶ
1023 1187 1057 1223 ἐν
1086 1187 1156 1230 τοῖς
1177 1186 1294 1232 ἄλλοις

257 1249 419 1294 ποιητέον
433 1279 443 1296 ,
466 1247 559 1291 ὅπως
576 1247 628 1298 μὴ
655 1246 699 1285 τὰ
716 1247 874 1300 πάρεργα
894 1252 961 1287 τῶν
983 1248 1091 1302 ἔργων
1109 1250 1218 1289 πλείω
1239 1251 1294 1303 γί-

255 1323 370 1354 νηται.
390 1310 431 1347 Εἰ
451 1308 517 1360 γὰρ
545 1308 601 1346 τὸν
621 1307 766 1346 τέκτονα
792 1308 1034 1359 ἀπαιτήσομεν
1053 1309 1110 1347 τὸν
1136 1311 1215 1362 περὶ
1233 1313 1295 1357 τ’ἧς

253 1367 355 1418 ὀρθῆς
376 1368 475 1419 λόγον
489 1397 499 1414 ,
519 1365 606 1418 ὅπερ
621 1366 793 1419 πάρεργόν
811 1368 902 1405 ἐστιν
917 1368 1011 1419 αὐτῷ
1028 1369 1112 1421 πρὸς
1131 1368 1168 1407 τὸ
1182 1370 1293 1421 ἔργον,

253 1426 408 1470 πλείονος
428 1425 602 1474 ζητήσεως
622 1428 715 1478 αὐτῷ
736 1425 871 1475 δεήσει,
899 1425 921 1473 ἢ
943 1426 986 1463 τὰ
1006 1427 1090 1479 πρὸς
1111 1427 1153 1465 τὰ
1170 1429 1293 1480 τέχνης

252 1484 350 1537 ἔργα.
372 1486 450 1525 Οὐκ
472 1484 683 1532 ἀπαιτητέον
706 1484 740 1522 δὲ
763 1485 838 1523 οὐδὲ
870 1484 932 1531 τὴν
956 1486 1070 1523 αἰτίαν
1101 1486 1228 1537 ὁμοίως
1257 1489 1291 1527 ἐν

251 1543 396 1584 ἅπασιν.
421 1543 556 1583 Ἱκανὸν
582 1543 649 1596 γὰρ
669 1542 703 1581 ἔν
730 1559 820 1582 τισιν
834 1574 845 1594 ,
868 1545 898 1582 εἰ
918 1545 1083 1597 δειχθεῖεν
1104 1548 1221 1590 καλῶς
1240 1546 1293 1584 ὅτι

251 1602 336 1651 εἰσί,
354 1602 413 1641 καὶ
432 1604 470 1651 εἰ,
484 1602 531 1654 μὴ
550 1602 795 1655 προσθήσομεν
817 1603 857 1641 τὸ
881 1602 981 1644 διότι.
1003 1606 1119 1643 Τοῦτο
1140 1604 1175 1642 δὲ
1198 1621 1291 1655 συμ-

252 1661 364 1700 &nivet
388 1663 447 1701 καὶ
477 1661 556 1714 περὶ
572 1661 635 1705 τὰς
653 1661 764 1714 ἀρχὰς
783 1664 852 1700 τῶν
878 1663 1094 1712 ἐπιστημῶν·
1116 1665 1149 1702 ἐν
1173 1665 1292 1709 αὓταῖς

249 1722 316 1774 γὰρ
339 1724 376 1760 οὔ
397 1721 436 1759 τὸ
457 1722 542 1761 διότι
570 1721 790 1772 ζητήσομεν,
822 1720 914 1759 ἀλλὰ
939 1720 979 1759 τὸ
1007 1720 1059 1759 ὅτι
1082 1721 1200 1771 μόνον.
1222 1722 1291 1761 Καὶ

248 1785 347 1820 τοῦτο
367 1784 400 1821 ἐν
429 1781 560 1825 πάσαις
584 1780 792 1831 ἐπιστήμαις
813 1780 906 1833 ἀρχή
928 1781 1033 1818 ἐστιν·
1061 1782 1089 1818 εἷ
1104 1780 1170 1833 γὰρ
1187 1781 1292 1830 ζητή-

249 1855 353 1889 σομεν
375 1843 442 1878 τῶν
473 1841 591 1891 ἀρχῶν
620 1839 734 1877 αἰτίαν
751 1868 761 1887 ,
797 1838 960 1877 οὐδέποτε
991 1838 1189 1890 ἀρξόμεθα,
1213 1840 1292 1879 ἀλλ’

249 1900 304 1938 ἐπ’
326 1898 465 1950 ἄπειρον
488 1897 715 1950 βαδιούμεθα.
738 1896 899 1950 Φανερὸν
921 1896 957 1936 δὲ
990 1897 1119 1948 γίνεται
1152 1899 1186 1936 ἐν
1216 1901 1292 1942 ταῖς

250 1958 375 2010 ἀρχαῖς
395 1957 433 1995 τὸ
450 1956 524 2008 ὅτι,
555 1956 578 2003 ἢ
604 1958 793 2009 ἐπαγωγῇ,
824 1954 846 2002 ἢ
877 1955 1059 2007 αἰσθήσει,
1090 1955 1112 2003 ἢ
1145 1957 1291 2009 ἐθισμῷ·

251 2018 417 2069 ἐπαγωγῇ
441 2016 521 2067 μέν,
542 2015 661 2068 ὥσπερ
681 2015 726 2054 τὰ
748 2018 795 2068 τῷ
825 2017 919 2067 αὗτῷ
939 2015 1017 2064 ἴσα,
1037 2015 1098 2054 καὶ
1130 2016 1292 2063 ἀλλήλοις

250 2077 342 2114 ἐστὶν
360 2075 432 2114 ἴσα·
454 2074 606 2125 δείξομεν
630 2074 698 2127 γὰρ
741 2074 907 2126 ἀριθμούς
940 2090 1035 2118 τινας
1065 2074 1126 2113 καὶ
1160 2075 1289 2126 μεγέθη

250 2134 502 2186 εἰσαγαγόντες·
536 2132 702 2184 ἐπαγωγὴ
724 2132 790 2185 γάρ
808 2134 900 2172 ἐστιν
918 2135 939 2179 ἧ
966 2133 1034 2170 ἀπὸ
1050 2135 1118 2171 τῶν
1139 2137 1289 2185 μερικῶν

249 2193 360 2238 δεῖξις·
385 2192 543 2239 αἰσθήσει
577 2191 638 2240 δέ,
665 2190 746 2230 ὅταν
773 2191 937 2243 δεικνύῃῧ
963 2194 981 2230 ὁ
1004 2191 1143 2244 φυσικὸς
1158 2192 1198 2230 τὸ
1221 2196 1290 2246 πῦρ

250 2253 396 2304 θερμόν,
429 2251 545 2290 καὶτὸ
564 2250 656 2304 ὕδωρ
686 2251 844 2303 ψυχρόν,
875 2252 975 2290 ἅτινα
1008 2251 1118 2303 ἀρχαί
1139 2253 1203 2291 εἶσι
1229 2255 1290 2300 τῆς

251 2311 460 2361 ἐπιστήμης.
481 2310 640 2362 Ἔθισμῷ
653 2310 689 2348 δὲ
704 2311 739 2346 αἱ
758 2308 866 2362 ἀρχαὶ
882 2313 941 2348 τοῦ
959 2311 1080 2356 ἠθικοῦ
1100 2310 1288 2361 γινώσκον·

248 2387 320 2412 ται.
364 2370 433 2409 Καὶ
451 2370 517 2423 γὰρ
540 2368 708 2408 ἀδύνατον
735 2370 781 2413 εἷς
814 2371 940 2420 γνῶσιν
975 2370 1084 2407 ἐλθεῖν
1118 2371 1187 2407 τῶν
1210 2371 1290 2422 περὶ

251 2433 374 2482 ἀρετῆς
396 2431 508 2482 λόγων
543 2429 590 2479 μὴ
623 2431 657 2467 ἐν
678 2428 746 2467 ἔθει
773 2427 956 2480 γενόμενον
993 2430 1059 2467 τῶν
1095 2430 1290 2468 σπουδαίων

249 2488 426 2540 πράξεων,
449 2491 494 2532 ὡς
513 2490 547 2526 ἐν
568 2490 618 2540 τῷ
649 2503 671 2533 ς
703 2486 840 2540 εἴρηται
872 2486 1065 2540 κεφαλαίῳ.
1099 2489 1290 2541 Πειρατέον

249 2546 286 2586 δὲ
314 2547 542 2601 μετέρχεσθαι
577 2546 726 2594 ἑκάστην
761 2548 828 2584 τῶν
860 2547 977 2598 ἀρχῶν
1014 2545 1129 2590 καθὼς
1157 2547 1290 2600 πέφυκε

250 2605 469 2653 δείκνυσθαι,
500 2605 559 2644 καὶ
584 2603 817 2644 σπουδαστέον
832 2634 842 2651 ,
864 2603 957 2649 ὅπως
986 2604 1029 2643 δι’
1049 2607 1193 2656 ὁρισμοῦ
1219 2621 1289 2658 φα-

249 2672 331 2702 νῶσι
361 2667 490 2709 καλῶς.
511 2663 690 2716 ΔΜεγάλην
716 2664 784 2715 γὰρ
805 2663 1000 2716 παρέχουσι
1031 2665 1190 2715 βοήθειαν
1211 2670 1290 2709 ταῖς

250 2724 447 2770 ἀποδείξεσι
466 2730 540 2767 ταῖς
561 2723 745 2773 ἑπομέναις
765 2723 898 2766 αὐταῖς.
921 2722 990 2762 Καὶ
1011 2722 1067 2761 διὰ
1088 2726 1190 2762 τοῦτο
1210 2723 1290 2774 φαί-

248 2797 343 2820 νεται
359 2782 464 2820 πλέον
484 2781 505 2827 ἢ
536 2782 572 2819 τὸ
589 2781 699 2831 ἥμισυ
723 2784 784 2829 τῆς
812 2780 1018 2826 ἀποδείξεως
1040 2780 1204 2820 δύνασθαι
1226 2781 1288 2828 τὴν

250 2840 384 2891 ἀρχήν,
404 2839 464 2877 καὶ
488 2838 600 2876 πολλὰ
621 2841 688 2877 τῶν
716 2838 934 2890 ζητουμένων
969 2840 1105 2891 ἐμφανῆ
1135 2839 1289 2889 γίνεσθαι

250 2897 293 2935 δι’
312 2899 429 2944 αὐτῆς·
450 2899 484 2935 ἐν
501 2895 568 2949 γὰρ
582 2900 626 2949 τῇ
648 2897 778 2948 μείζονι
797 2898 966 2950 προτάσει
989 2897 1041 2936 ἀεὶ
1059 2900 1080 2945 ἡ
1102 2899 1194 2950 ἀρχὴ
1215 2914 1285 2936 πα-

250 2957 522 3009 ραλαμὸάνεται·
552 2960 569 3004 ἧ
597 2956 633 2994 δὲ
661 2956 786 3006 μείζων
806 2958 973 3008 πρότασις
998 2957 1038 2996 τὸ
1058 2963 1127 2996 πᾶν
1148 2957 1288 2996 δύναται

249 3018 311 3063 τῆς
330 3015 536 3060 ἀποδείξεως
556 3014 693 3067 σχεδόν.
718 3016 788 3054 Καὶ
808 3014 891 3059 ἴσως
905 3017 935 3053 εἷ
955 3015 1015 3054 καὶ
1037 3017 1082 3055 δι’
1103 3017 1211 3063 ἄλλην
1233 3017 1288 3054 αἶ-

253 3075 334 3115 τίαν
349 3106 361 3126 ,
384 3076 474 3113 ἀλλὰ
492 3075 551 3112 καὶ
573 3073 629 3111 διὰ
655 3077 755 3112 τοῦτο
775 3074 900 3124 μείζων
921 3075 1093 3115 καλεῖται.

305 3135 477 3186 (Scripsi
513 3140 556 3171 :³
585 3132 847 3186 χρησιμεύσει]
879 3135 1002 3172 codex
1033 3137 1286 3187 χρησιμεῦσαι.

248 3215 302 3225 -
319 3195 337 3219 ¹³
357 3193 494 3244 δεικνύῃ
511 3193 526 3244 ]
547 3193 653 3243 vulg.
671 3191 915 3243 δεικνύει.-)

1101 205 1381 248 ANDRONICI
1411 209 1587 250 RHODII

1796 306 1871 348 Gap.
1895 308 1984 342 XIII.

1370 418 1429 445 Pro
1442 416 1558 445 ratione
1574 416 1705 445 materiae
1717 417 1812 446 varias
1829 417 2044 455 disputationes
2056 428 2122 457 quoe
2137 422 2175 452 de
2187 430 2221 452 ea
2234 422 2401 454 habeantur

1450 469 1623 498 desiderari.
1640 470 1714 498 ltem
1728 477 1846 499 causam
1860 471 1903 499 rei
1917 470 1947 499 in
1960 472 2115 510 principiis
2129 481 2193 504 non
2203 475 2308 511 quaeri.

1406 609 1531 640 Verum
1556 610 1589 641 et
1614 617 1652 641 ea
1673 610 1859 643 meminisse
1877 620 1935 644 nos
1952 612 2082 653 oportet
2100 620 2177 654 quae
2201 613 2401 655 supradicta

1365 668 1462 706 sunt,
1493 669 1526 700 et
1546 677 1708 701 summam
1735 669 1951 703 subtilitatem
1972 680 2036 703 non
2060 680 2213 714 perteque
2236 671 2271 705 in
2292 664 2401 706 onmi-

1364 725 1426 758 bus
1452 727 1682 768 requirendam
1706 737 1791 767 esse,
1829 729 1886 762 sed
1914 730 1947 761 in
1970 738 2168 772 unaquaque
2194 739 2232 764 re
2255 734 2315 774 pro
2327 723 2401 768 mn*-

1363 785 1455 817 teriae
1477 786 1632 828 subjectae
1657 777 1859 824 rationeset
1884 788 1994 830 quoad
2023 788 2160 822 docendi
2182 788 2238 822 via
2255 789 2290 823 et
2315 787 2401 822 ratio

1361 844 1497 885 patitur.
1527 847 1610 878 Nam
1638 844 1729 878 faber
1754 848 1786 879 et
1813 849 1976 888 geometra
2003 857 2068 880 non
2090 847 2206 881 eodem
2225 845 2324 881 modo
2339 854 2400 889 „rc-

1362 904 1452 935 ctum
1462 903 1618 945 angulum
1632 904 1803 946 inquirunt
1819 914 1827 934 ε
1843 905 1961 947 singuli
1981 905 2067 939 enim
2078 908 2177 948 prout
2190 905 2309 939 rationi
2329 913 2399 940 suae

1360 962 1534 1001 convenit,
1564 962 1628 995 hoc
1652 964 1753 1004 agunt
1785 976 1792 996 ι
1816 963 1910 996 faber
1933 964 2091 1006 quidem,
2116 966 2282 1008 quatenus
2307 964 2399 1008 operi

1360 1029 1419 1053 suo
1437 1021 1618 1054 conducere
1644 1022 1812 1055 existimat
1839 1035 1846 1055 ι
1877 1025 2044 1065 geometra
2062 1033 2140 1057 vero
2157 1023 2268 1066 ipsum
2285 1032 2347 1066 per.
2361 1030 2397 1057 sc

1359 1080 1561 1119 considerat,
1579 1081 1643 1113 hoc
1660 1083 1720 1120 est,
1736 1081 1817 1123 quid
1832 1081 1875 1114 sit
1892 1083 1925 1114 et
1940 1082 2048 1124 qualis
2063 1094 2071 1114 ι
2089 1091 2198 1125 neque
2209 1082 2282 1126 ejus
2295 1082 2398 1117 bene-

1357 1138 1431 1171 ficio
1452 1138 1543 1172 aliud
1559 1148 1642 1181 opus
1661 1139 1789 1173 efficere
1817 1140 1910 1178 vult,
1943 1139 2143 1174 sed'veram
2175 1142 2306 1175 tantum
2325 1141 2397 1183 ejus

1356 1197 1517 1230 rationem
1535 1198 1706 1240 perquirit.
1741 1198 1866 1230 Eodem
1895 1198 1997 1240 igitur
2017 1197 2116 1231 modo
2142 1199 2175 1231 et
2206 1197 2242 1231 in
2267 1196 2397 1231 ommis

1357 1256 1510 1288 omnibus
1527 1255 1711 1289 faciendum
1725 1258 1791 1295 est,
1811 1265 1852 1289 ne
1873 1265 2010 1298 operum
2032 1256 2234 1290 accessiones
2252 1258 2286 1290 et
2297 1265 2397 1290 orna-

1355 1316 1467 1346 menta
1479 1315 1632 1356 operibus
1645 1314 1725 1356 ipsis
1738 1315 1896 1357 ampliora
1911 1315 2081 1348 exsistant.
2100 1315 2136 1349 Si
2150 1315 2237 1349 enim
2247 1324 2288 1349 ex
2302 1314 2396 1349 fabro

1355 1373 1515 1405 rationem
1534 1373 1616 1406 recti
1635 1373 1745 1416 anguli
1764 1382 1953 1416 quaeramus
1964 1400 1972 1414 ‚
1993 1383 2069 1417 quae
2081 1383 2134 1408 res
2151 1373 2194 1407 ad
2206 1363 2396 1408 institutum

1355 1432 1464 1473 operis
1474 1431 1564 1465 illius
1576 1441 1642 1465 non
1658 1433 1820 1474 pertinet,
1836 1432 2004 1466 difficilius
2028 1443 2101 1467 eam
2117 1433 2277 1474 inveniet,
2293 1442 2396 1477 qnam

1355 1499 1432 1532 quae
1449 1489 1492 1523 ad
1521 1490 1602 1523 artis
1630 1500 1730 1533 opera
1762 1492 1921 1533 spectant.
1944 1494 2057 1534 Neque
2083 1501 2162 1526 vero
2188 1492 2223 1525 in
2244 1492 2396 1527 omnibus

1355 1557 1450 1591 aeque
1468 1558 1567 1585 causa
1588 1550 1763 1592 flagitanda
1786 1552 1847 1583 est.
1878 1550 2004 1593 Quippe
2038 1551 2119 1585 satis
2138 1561 2210 1586 esse
2237 1540 2336 1586 debet
2360 1551 2396 1586 in

1354 1608 1573 1650 quibusdam,
1597 1609 1625 1641 si
1647 1609 1729 1642 bene
1747 1609 2008 1642 demonstratum
2036 1610 2080 1643 sit
2101 1620 2139 1644 ea
2160 1619 2241 1650 esse,
2266 1610 2395 1645 etiamsi

1353 1676 1419 1699 non
1435 1667 1587 1706 addatur,
1604 1676 1663 1699 cur
1679 1667 1756 1700 sint.
1776 1669 1847 1700 Hoc
1862 1669 1974 1701 autem
1985 1668 2019 1701 in
2037 1668 2283 1711 disciplinarum
2295 1669 2395 1704 ctiam

1355 1727 1522 1769 principiis
1539 1727 1609 1760 fieri
1628 1727 1721 1767 solet,
1746 1727 1779 1760 in
1798 1727 1919 1770 quibus
1934 1737 1999 1760 non
2016 1737 2075 1761 cur
2102 1728 2168 1761 sint
2190 1729 2372 1771 quaerimus
2383 1755 2392 1769 ,

1354 1787 1413 1820 sed
1439 1796 1511 1819 esse
1542 1796 1579 1819 ea
1610 1788 1742 1820 tantum
1774 1787 1962 1821 statuimus.
1995 1788 2103 1830 Atque
2129 1787 2194 1820 hoc
2222 1783 2396 1833 commuue

1353 1845 1506 1879 omnibus
1527 1845 1707 1888 disciplinis
1723 1846 1919 1888 principium
1932 1848 2003 1880 est:
2019 1846 2047 1879 si
2062 1846 2148 1879 enim
2160 1845 2396 1890 prIncipiorurn

1354 1913 1482 1947 semper
1496 1905 1658 1938 rationem
1677 1914 1884 1947 quaeremus,
1902 1915 2072 1948 nunquam
2094 1905 2290 1948 incipiemus
2302 1931 2310 1945 ,
2336 1904 2395 1940 sed

1354 1962 1387 1994 in
1407 1962 1569 1995 infinitum
1593 1962 1703 2005 potius
1734 1962 1906 1996 abibimus.
1945 1962 2011 1996 Sed
2038 1972 2109 1996 esse
2137 1962 2296 2006 principia
2318 1962 2393 2005 pla-

1353 2031 1432 2053 num
1463 2020 1603 2055 facimus
1624 2022 1683 2053 aut
1707 2021 1906 2061 inductione,
1935 2023 1994 2055 aut
2018 2031 2117 2055 sensu
2135 2023 2194 2055 aut
2222 2023 2395 2056 consuetu-

1353 2080 1428 2113 dine
1447 2090 1454 2109 :
1476 2080 1675 2119 inductione,
1695 2081 1734 2112 ut
1755 2090 1860 2122 quum
1874 2080 2034 2120 dicimus,
2062 2090 2139 2123 quas
2150 2079 2257 2114 eidem
2276 2089 2394 2124 aequn-

1351 2139 1396 2172 lia
1411 2141 1505 2178 sunt,
1523 2139 1623 2171 etiam
1648 2139 1733 2172 inter
1751 2148 1786 2172 se
1799 2148 1870 2172 esse
1882 2139 2022 2181 aequalia
2042 2153 2051 2172 ι
2080 2139 2243 2182 siquidem
2263 2138 2395 2174 demon-

1352 2198 1469 2232 stratio
1487 2198 1561 2236 erit,
1576 2207 1680 2240 quum
1698 2207 1853 2230 numeros
1870 2199 1903 2230 et
1915 2198 2157 2240 magnitudines
2168 2197 2362 2231 inducemus
2379 2210 2388 2231 ε

1351 2256 1500 2298 probatio
1513 2256 1599 2288 enim
1620 2266 1638 2289 a
1653 2256 1906 2298 particularibus
1919 2259 1969 2290 cst
1994 2256 2140 2289 inductio
2163 2267 2172 2286 ι
2187 2265 2283 2290 sensu
2299 2250 2390 2296 vero,

1352 2318 1390 2348 ut
1413 2325 1517 2358 quum
1533 2315 1640 2356 ignem
1659 2316 1763 2349 calere
1776 2342 1783 2355 ‚
1804 2325 1925 2358 aquam
1944 2315 2061 2357 frigere
2076 2315 2231 2358 physicus
2254 2315 2391 2350 (lemon-

1352 2371 1435 2401 strat
1448 2379 1541 2412 3quae
1554 2369 1689 2411 quidem
1705 2369 1863 2411 principia
1875 2371 1951 2402 sunt
1969 2369 2114 2401 scientiae
2129 2380 2137 2400 z
2155 2367 2392 2402 consuetudine

1351 2424 1492 2466 denique
1520 2425 1655 2457 moralis
1694 2423 1909 2466 philosophiae
1948 2423 2105 2466 principia
2138 2427 2387 2466 cognoscuntur.

1350 2480 1465 2521 Neque
1485 2479 1572 2512 enlm
1590 2479 1659 2511 fleri
1678 2480 1795 2520 potest,
1811 2480 1848 2510 ut
1863 2479 1982 2520 aliquis
1997 2478 2237 2520 disputationes
2254 2478 2296 2512 de
2318 2479 2389 2513 vir-

1350 2538 1422 2568 tute
1451 2535 1582 2567 habitas
1607 2533 1788 2575 intelligat,
1809 2533 1868 2575 qui
1887 2543 1951 2565 non
1973 2533 2066 2575 prius
2080 2533 2228 2566 honestis
2252 2526 2392 2567 actioni·
2441 2546 2444 2549 ’

1350 2592 1413 2625 bus
1426 2589 1609 2623 assueverit
1624 2601 1632 2621 :
1648 2588 1733 2621 sicut
1746 2588 1780 2620 in
1799 2589 1892 2620 sexto
1913 2597 1932 2620 a
1945 2588 2039 2621 nobis
2052 2588 2158 2630 capite
2178 2587 2308 2622 dictum
2325 2590 2388 2625 est.

1351 2651 1460 2687 Quare
1472 2646 1580 2681 danda
1593 2647 1641 2677 est
1653 2653 1761 2686 opera,
1777 2646 1816 2676 ut.
1834 2643 1959 2686 singula
1971 2644 2130 2686 principia
2137 2653 2387 2687 persequamur,

1349 2697 1626 2743 quemadmodum
1650 2705 1719 2728 suae
1747 2697 1874 2728 naturae
1901 2695 2130 2728 convenienter
2149 2696 2237 2729 tradi
2260 2696 2386 2736 solent.

1350 2759 1450 2798 atque
1469 2754 1504 2787 id
1522 2747 1743 2789 studendum,
1775 2752 1814 2783 ut
1841 2750 2027 2784 definitione
2057 2750 2140 2784 bene
2165 2750 2387 2785 declarentur.

1348 2810 1493 2844 Multum
1518 2807 1603 2840 enim
1623 2807 1665 2840 ad
1682 2807 1770 2849 ipsas
1791 2806 1864 2839 illas
1885 2814 1960 2848 quae
1974 2807 2160 2848 sequuntur
2179 2805 2387 2839 demonstra-

1349 2866 1454 2898 tiones
1472 2861 1655 2895 conferunt.
1680 2861 1900 2899 Quamobrem
1916 2860 2112 2903 principium
2127 2860 2204 2902 plus
2219 2870 2319 2903 quam
2335 2861 2389 2894 di-

1348 2920 1488 2953 midium
1507 2918 1610 2951 totius
1625 2915 1910 2950 demonstrationis
1923 2915 2034 2948 valere
2053 2915 2195 2954 videtur,
2217 2916 2388 2959 multaque

1349 2984 1462 3007 eorum
1482 2983 1558 3017 quae
1580 2974 1614 3006 in
1627 2971 1844 3015 quaestionem
1860 2971 1997 3004 veniunt
2020 2971 2111 3004 illius
2129 2980 2190 3014 ope
2210 2970 2388 3014 explanan-

1348 3030 1403 3061 tur
1415 3043 1423 3071 3
1442 3038 1570 3071 semper
1580 3027 1666 3060 enim
1683 3026 1715 3059 in
1728 3026 1851 3068 maiore
1868 3026 2088 3068 propositione
2102 3027 2281 3060 assumitur
2295 3025 2388 3068 prin-

1348 3084 1470 3126 cipium
1494 3097 1502 3116 :
1518 3084 1623 3125 major
1638 3090 1715 3116 vero
1737 3081 1914 3123 propositio
1929 3081 2038 3114 omnia
2058 3080 2127 3114 fere
2146 3083 2256 3124 potest
2269 3081 2305 3114 in
2325 3076 2385 3114 'de‘-

1347 3139 1593 3172 monstratione.
1612 3138 1656 3170 Et
1681 3135 1837 3175 fortasse,
1867 3136 2148 3178 quemadmodum
2176 3138 2210 3169 et
2226 3135 2324 3169 aliam
2341 3134 2384 3168 ob

1349 3205 1482 3228 causam
1495 3221 1503 3234 ‚
1524 3194 1572 3228 ita
1593 3193 1692 3226 etiam
1711 3193 1753 3225 ob
1775 3193 1860 3226 hanc
1874 3191 1980 3234 major
2003 3194 2152 3240 vocatur.
