2528 3788
271 189 324 228 24
1064 188 1235 228 ALBINI
1267 186 1594 232 FRAGMENTA.

271 285 380 326 οἰκεία
400 286 464 334 ὕλη
495 284 732 332 ὓποὸέὸληται
758 286 825 324 τῶν
849 285 986 337 μύθων,
1008 285 1097 325 οὕτω
1122 291 1136 310 ⁰
1155 289 1204 340 τῷ
1225 288 1307 326 δια-

270 346 362 399 λόγῳ
383 349 406 393 ἠ
426 345 609 398 φιλόσοφος
621 373 633 393 ,
663 345 757 382 τοῧτ’
779 344 853 383 ἔστι
870 344 915 384 τὰ
945 344 1029 399 πρὸς
1048 344 1111 394 τὴν
1132 349 1147 373 ‘¹
1167 347 1308 400 φιλοσο-

269 404 365 458 φίαν.
423 404 475 442 Τὸ
497 403 531 443 δὲ
553 402 642 454 μετὰ
661 404 723 450 τῆς
742 403 942 456 πρεπούσης
959 403 1139 451 ἠθοποιίας
1154 407 1221 444 τῶν
1240 421 1308 444 πα-

271 460 597 515 ραλαμὸανομένων
620 459 818 514 προσώπων
836 462 1009 515 διαφόρων
1025 466 1040 485 ⁰
1057 464 1091 502 ἐν
1108 468 1177 507 τοῖς
1197 463 1309 516 λόγοις

268 521 374 560 ὄντων
394 521 451 560 τὸν
479 521 552 574 βίον
566 551 576 570 ,
598 522 668 560 τῶν
696 522 758 573 μὲν
778 520 993 576 φιλοσόφων,
1011 523 1080 561 τῶν
1101 522 1136 560 δὲ
1154 538 1307 576 σοφιστι-

269 583 338 619 κῶν
354 610 364 629 ,
390 579 434 619 τὰ
457 581 568 620 οἷκεῒα
597 580 664 629 ἤθη
687 581 738 619 δεῖ
767 580 904 634 ἑκάστῳ
925 581 1122 620 ἀνατιθέναι
1135 611 1146 630 ,
1169 585 1218 634 τῷ
1246 582 1307 633 μὲν

268 638 444 693 φιλοσόφῳ
462 639 502 678 τὸ
518 641 674 692 γενναῖον
696 637 756 678 καὶ
775 639 816 679 τὸ
831 638 963 677 ἁπλοῦν
980 639 1091 678 καὶτὸ
1111 640 1307 693 φιλάληθες,

268 699 316 751 τῷ
339 698 375 737 δὲ
397 702 587 752 σοφιστικῷ
609 698 647 738 τὸ
677 697 833 738 ποικίλον
860 697 920 737 καὶ
944 699 984 736 τὸ
1011 697 1228 749 παλίμὸολον
1248 699 1308 738 καὶ

267 757 306 796 τὸ
326 757 500 810 φιλόδοξον
514 788 525 810 ,
549 759 599 810 τῷ
619 757 654 796 δὲ
676 758 841 810 ἰδιωτικῷ
861 757 899 796 τὸ
928 757 1069 796 οἷκεῒον.
1124 757 1209 796 Ἐπὶ
1235 757 1309 796 τού-

268 832 338 860 τοις
357 816 441 870 φησὶ
466 816 526 855 καὶ
547 816 626 869 περὶ
651 818 712 863 τῆς
735 815 746 840 ¹
764 815 855 855 κατὰ
875 815 937 863 τὴν
956 814 1044 861 λέξιν
1066 819 1282 864 κατασκευῆς
1295 846 1306 868 ,

267 875 325 913 καὶ
353 875 447 924 μάλα
469 874 619 920 εἰκότως,
677 875 739 918 Ὡς
756 875 823 928 γὰρ
844 877 887 927 τῇ
906 875 1080 927 τραγῳδίᾳ
1098 875 1156 913 καὶ
1176 879 1218 928 τῇ
1243 892 1309 914 κω-

269 934 383 986 μῳδίᾳ
403 934 442 972 τὸ
462 934 585 973 οἰκεῖον
609 933 735 986 μέτρον
759 934 810 972 δεῖ
830 939 992 986 παρεῖναι
1017 938 1034 963 Β
1056 933 1114 972 καὶ
1142 937 1182 987 τῇ
1203 936 1307 986 λεγο-

267 992 353 1067 μένῃ
375 992 512 1045 ἱστορίᾳ
528 992 569 1031 τὸ
587 992 736 1042 πλάσμα
751 1020 761 1039 ,
780 991 871 1031 οὕτω
886 993 904 1017 ¹¹
924 991 983 1030 καὶ
999 994 1050 1074 ιτῷ
1072 992 1223 1046 διαλόγῳ
1244 993 1305 1040 τὴν

265 1051 396 1091 οἰκείαν
424 1051 515 1096 λέξιν
539 1051 598 1090 και
620 1051 775 1091 σύνθεσιν
788 1050 969 1103 ,ἔχουσαν
999 1050 1069 1089 ιτὸ
1090 1051 1247 1100 ἀττικόν,
1268 1051 1306 1090 τὸ

265 1110 408 1164 εὔχαρι,
428 1110 467 1149 τὸ
492 1110 698 1173 ἀπέριττον,
719 1109 758 1148 τὸ
778 1109 943 1154 ἀνενδεές.

317 1170 552 1224 (Sc11ps10
574 1163 661 1208 εἶναι
682 1183 769 1208 cum
790 1170 873 1208 cod.
895 1170 946 1207 l·
937 1172 1092 1220 ‚vulgo
1115 1169 1232 1210 deest.
1255 1193 1307 1200 —

264 1229 281 1252 ¹³
300 1228 378 1268 κατ’
399 1227 569 1281 ἐρώτησιν
593 1228 679 1268 cod.
703 1227 763 1276 Η,
785 1228 877 1267 κατὰ
898 1227 1065 1280 ἐρώτησιν
1084 1229 1170 1268 cod.
1194 1231 1237 1268 L.
1256 1251 1307 1258 —

274 1294 290 1313 ⁰
309 1286 423 1339 οὕτω,
444 1288 558 1328 codd.
580 1286 700 1331 οὕτως.
726 1306 778 1316 -—-
797 1287 814 1312 ‘¹
838 1286 900 1334 τὴν
919 1287 1004 1326 cod.
1024 1287 1077 1334 L;
1100 1287 1216 1336 vulgo
1238 1289 1306 1324 de-

264 1355 334 1386 est.
353 1366 406 1379 ·-
421 1349 435 1368 ⁰
464 1344 636 1399 διαφόρων
654 1345 737 1384 cod.
759 1345 813 1392 H;
832 1345 919 1384 διότι
940 1344 1111 1397 διαφόρων
1136 1344 1305 1398 διαφόρων

262 1405 348 1445 cod.
378 1404 424 1445 L.
445 1426 499 1434 —
525 1403 539 1427 ¹
563 1404 642 1458 περὶ
662 1406 722 1451 τ’ἥς
743 1417 830 1443 cum
852 1403 1057 1452 Fabrici03
1087 1403 1196 1442 codd.
1228 1406 1302 1450 τῆς.

264 1486 316 1494 -
335 1468 352 1493 ss
371 1463 423 1502 δεῖ
440 1463 602 1515 παρεῖναι
621 1463 679 1501 καὶ
701 1465 743 1515 τῇ
765 1463 850 1502 cod.
871 1462 924 1510 L‚·
947 1462 1000 1500 δεῖ
1018 1461 1306 1514 (προσάπτεσθαι

262 1523 321 1562 καὶ
335 1521 398 1574 τῇ)
418 1522 547 1572 Fabr.;
567 1523 618 1559 δεῖ
634 1521 716 1572 (καὶ
735 1520 801 1572 τῇ)
821 1520 946 1558 Fisch.
965 1522 1046 1548 ——h
1066 1519 1176 1568 οὕτω,
1190 1521 1302 1559 codd.

261 1582 455 1625 οὕτωςμ-
469 1579 479 1604 ¹
500 1580 676 1628 σύνθεσιν,
695 1579 843 1631 ἔχουσαν
864 1579 950 1618 cod.
968 1578 1019 1626 L3
1038 1579 1192 1617 σύνθεσιν
1214 1578 1304 1632 ἔχειν

266 1641 391 1690 vulgo.
410 1640 481 1690 --)

316 1699 363 1750 γ.
397 1700 442 1739 Εἰ
463 1698 498 1736 δέ
518 1714 567 1741 τις
589 1697 772 1748 λεγόμενος
794 1696 892 1749 λόγος
913 1696 984 1748 μή,
1007 1696 1164 1749 καθάπερ
1185 1699 1302 1747 εἷπον,

263 1756 559 1808 εἷδοποιούμενος,
578 1755 652 1794 ἀλλ’
677 1755 791 1802 ἐνδεὴς
822 1755 869 1793 ὢν
896 1756 1045 1804 τούτων,
1062 1755 1196 1828 λέγοιτο
1217 1759 1304 1794 εἶναι

262 1817 438 1869 διάλογος,
462 1818 522 1865 οὐκ
539 1814 676 1868 ὀρθωςιλ
659 1830 700 1852 οιν
717 1813 898 1865 λέγοιτο.
869 1818 884 1837 ⁸
910 1805 920 1815 ⁶
930 1814 1062 1853 Ούτω
1082 1814 1120 1852 τὸ
1138 1814 1235 1866 παρὰ
1255 1816 1304 1867 τῷ

263 1874 462 1925 Θουκυδίδῃ
489 1875 505 1898 ¹²
535 1873 757 1924 λεγόμενον“
746 1872 812 1910 υπὸ
834 1874 902 1910 τῶν
918 1874 971 1923 μὴ
997 1871 1195 1922 δυναμένων
1215 1874 1301 1911 εἰδο-

260 1939 370 1973 ποιεῖν
391 1933 453 1981 τὴν
484 1931 641 1979 ἰδιότητα
673 1935 741 1970 τῶν
773 1930 942 1983 διαλόγων
966 1934 1003 1971 οὒ
1037 1931 1192 1984 φήσομεν
1219 1924 1305 1970 εἶναι

262 1994 423 2045 διάλογον
443 1993 478 2040 d,
507 1991 596 2030 ἀλλὰ
625 1992 758 2042 μᾶλλον
781 1990 845 2029 δύο
858 1991 1082 2074 δημηγορίας
1106 1993 1184 2030 κατ’
1207 1992 1300 2031 ἐνθύ-

263 2069 368 2104 μησιν
389 2050 592 2098 ἇλλήλαιςθ
607 2049 967 2102 ἀντιγεγραμμέναςῐ.
1025 2049 1128 2089 Ἐπεὶ
1145 2044 1202 2089 οὖν
1223 2051 1250 2096 ὅ,
1272 2068 1304 2090 τι

264 2110 348 2149 ποτέ
373 2112 464 2150 ἐστιν
491 2112 509 2147 6
531 2108 706 2159 διάλογος,
729 2107 1019 2160 τεθεωρήκαμεν,
1048 2108 1126 2161 περὶ
1145 2112 1207 2155 τ’ἦς
1227 2109 1302 2146 δια-

260 2174 366 2222 φορᾶς
394 2169 497 2207 αὐτοῦ
528 2172 586 2206 τοῦ
621 2167 712 2205 κατὰ
747 2167 924 2206 Πλάτωνα
959 2167 1120 2219 διαλόγου
1148 2167 1303 2218 ἴδωμεν,

261 2297 445 2340 Iosophicis
462 2298 588 2338 adjecta
603 2298 680 2329 sunt
691 2320 699 2337 ‚
712 2296 835 2328 idcirco
855 2296 933 2337 quia
947 2297 1060 2337 aptum
1076 2296 1195 2337 dialogi
1210 2305 1304 2338 argu-

262 2358 408 2391 mentum
428 2365 500 2389 esse
530 2355 650 2395 debet,
677 2355 765 2396 quod
795 2356 846 2387 est
865 2355 960 2387 civile
982 2356 1014 2387 et
1036 2354 1305 2396 philosophicum.

261 2414 544 2454 Quemadmodum
566 2414 653 2446 enim
676 2413 841 2454 tragoediae
868 2413 921 2446 vel
950 2413 1079 2445 omnino
1109 2414 1198 2454 poesi
1226 2423 1307 2446 con-

264 2483 382 2517 gruens
398 2474 514 2507 subest
534 2473 673 2505 materia
692 2481 733 2505 ex
752 2472 868 2505 sabulis
888 2473 1058 2514 depromta
1082 2485 1088 2503 :
1120 2473 1166 2505 sic
1190 2472 1308 2514 dialogi

263 2533 398 2565 materia
416 2541 456 2566 ex
475 2531 681 2574 philosophia
709 2532 777 2564 sive
798 2532 896 2564 rebus
921 2531 1151 2573 philosophicis
1175 2532 1305 2573 petitur.

264 2594 364 2624 Porro
389 2590 523 2623 additur
544 2604 551 2622 z
582 2592 622 2622 ut
643 2598 755 2622 mores
781 2590 937 2622 decentes
962 2592 1122 2632 personis
1144 2592 1307 2623 assumtis

264 2651 478 2684 tribuantur.
503 2652 612 2687 Quum
640 2650 725 2682 enim
742 2650 775 2681 in
804 2649 974 2690 colloquiis
1001 2658 1060 2692 pro
1084 2650 1161 2683 vitae
1183 2650 1307 2683 ratione

264 2710 363 2743 variae
383 2708 447 2742 sint
466 2718 503 2742 ac
522 2709 662 2742 diversae
678 2717 842 2750 personae,
861 2710 932 2743 aliae
951 2710 1235 2752 philosophorum,
1256 2721 1306 2743 so-

264 2766 445 2808 phistarum
472 2765 565 2806 aliae,
592 2774 669 2797 suos
690 2764 809 2806 cuique
834 2774 942 2798 mores
974 2766 1132 2808 assignari
1160 2767 1305 2808 oportet3

264 2824 458 2867 philosopho
484 2823 717 2866 ingenuitatem
730 2850 737 2864 ,
765 2824 1027 2866 simplicitatem,
1047 2825 1195 2858 veritatis
1213 2833 1306 2857 amo-

265 2893 335 2917 rem
356 2897 364 2915 :
385 2882 540 2924 sophistae
564 2884 676 2915 contra
701 2881 907 2915 calliditatem
920 2908 929 2923 ‚
949 2882 1214 2924 inconstantiam,
1238 2885 1306 2926 glo-

265 2944 323 2976 riae
343 2941 552 2984 cupiditatem
565 2966 573 2981 ,
590 2941 728 2982 denique
745 2941 872 2984 privato
887 2942 933 2974 rei
945 2942 1133 2975 domesticae
1150 2943 1304 2975 studium.

267 3002 383 3034 Postea
398 3000 552 3033 monetur
572 3001 606 3032 et
623 2999 665 3032 de
683 3001 854 3033 accurata
871 3002 1043 3034 orationis
1062 3004 1308 3043 compositione

267 3059 486 3100 adhibenda,
499 3058 588 3091 haud
601 3059 718 3100 injuria
738 3068 826 3092 sane.
870 3061 950 3092 Nam
966 3060 1129 3101 quomodo
1141 3062 1307 3103 tragoediae

268 3118 319 3151 vel
336 3117 509 3151 comoediae
536 3118 732 3164 conveniens
751 3119 894 3151 metrum
910 3118 1016 3160 aptari
1035 3119 1131 3152 debet
1150 3122 1184 3152 et
1202 3120 1307 3153 histo-

269 3177 324 3210 riae
351 3178 566 3219 congmenter
585 3168 694 3209 efficta
720 3177 822 3210 oratio
843 3190 851 3210 ε
879 3176 926 3209 sic
946 3186 1039 3210 suam
1058 3178 1157 3210 etiam
1183 3179 1308 3221 dialogo

267 3234 443 3267 dictionem
462 3233 496 3266 et
511 3232 778 3274 compositionem
794 3233 901 3266 inesse
919 3234 1067 3275 oportet,
1094 3243 1169 3275 quae
1186 3234 1307 3268 habeat

267 3293 486 3335 incorruptam
505 3291 598 3325 attici
621 3292 779 3326 sermonis
795 3292 1032 3333 integritatem,
1052 3293 1187 3334 gratiam
1200 3318 1208 3334 ,
1227 3294 1304 3327 sim-

268 3351 464 3393 plicitatem,
486 3351 624 3394 copiam.

310 3411 366 3443 111.
392 3410 517 3449 Quodsi
535 3419 642 3444 sermo
663 3410 816 3452 quidam,
837 3410 893 3452 qui
910 3410 994 3443 hanc
1011 3419 1110 3453 quam
1126 3412 1305 3445 memoravi

1369 290 1460 327 τοῦτ’
1488 288 1563 328 ἔστι
1589 289 1671 342 περὶ
1690 292 1758 329 τῶν
1790 289 2049 343 χαρακτήρων,
2081 290 2183 330 πόσοι
2205 291 2242 330 τέ
2263 294 2348 332 εἰσιν
2374 294 2407 332 οἳ

1370 347 1555 396 ἀνωτάτω,
1571 348 1629 387 καὶ
1652 348 1752 387 πόσοι
1779 347 1917 388 ἐκείνων
1940 348 2233 402 ὕποδιαιρεθὲντις
2259 351 2307 396 εἷς
2326 349 2407 396 τοὺς

1370 405 1518 456 ἀτόμους
1533 406 1716 454 άπέὸησαν
1733 411 1763 447 8.

1424 465 1600 517 (Scripsi
1623 469 1663 503 :⁸
1682 465 1831 517 λέγοιτο.
1891 465 1997 505 Οὕτω
2025 479 2111 506 cum
2137 460 2223 507 cod.
2258 467 2320 518 H3
2348 466 2411 508 λέ-

1367 539 1462 576 γοιτο
1493 519 1588 569 οὗτος
1609 526 1695 566 cod.
1727 526 1772 565 L.
1804 548 1856 555 —
1884 525 1900 550 ¹³
1931 528 1982 579 τῷ
2012 525 2208 579 Θουκυδίδῄ
2241 527 2325 566 cod.
2353 528 2408 575 L;

1368 582 1567 635 Θουκυδίδῃ
1587 584 1672 623 cod.
1698 583 1746 625 H.
1764 606 1813 614 —-
1826 585 1873 609 ‘2‘
1859 583 1928 624 υπὸ
1947 585 2015 623 τῶν
2040 583 2089 636 μὴ
2109 583 2309 637 δυναμένων
2324 600 2410 626 cum

1368 640 1626 691 Schneidero3
1650 643 1771 693 vulgo
1791 645 1859 682 τῶν
1878 642 2075 693 δυνάμεων.
2092 665 2145 674 —
2163 643 2235 683 ‘¹06
2255 643 2412 697 φήσομεν

1369 693 1456 738 εἶναι
1476 699 1635 752 διάλογον
1657 702 1742 741 cod.
1764 702 1816 750 L;
1834 702 1953 752 vulgo
1965 703 2048 742 haec
2062 703 2340 742 desiderantur.
2359 725 2413 734 —

1367 757 1570 806 θάλλήλαις
1589 761 1675 799 cod.
1707 761 1761 808 L;
1792 731 1957 808 άλλήλοις
1980 762 2068 802 cod.
2098 762 2148 802 H.
2170 784 2224 796 --
2245 761 2393 815 ῐιιίντιγε
2395 785 2412 792 -

1367 817 1572 867 γραμμένας
1603 818 1690 857 cod.
1714 818 1765 866 L;
1798 819 2110 871 ἀναγεγραμμένας
2133 819 2218 860 cod.
2248 819 2296 858 H.
2316 841 2370 851 —
2396 825 2413 850 Β

1369 874 1571 926 ἀπέὸησανς
1594 876 1704 916 codd.
1726 877 1931 923 ἐστήσαντο.
1950 877 2030 930 ——J

1422 933 1463 971 δ’.
1493 935 1582 984 Περὶ
1602 934 1663 985 μὲν
1685 929 1742 974 οὖν
1762 935 1996 989 χαρακτήρων
2018 938 2051 975 ἐν
2073 937 2141 981 τοῖς
2167 936 2242 984 ἑξῆς
2255 941 2271 960 ”
2285 937 2413 976 τελεώ-

1371 1006 1458 1030 τατα
1483 992 1571 1043 μετὰ
1593 996 1796 1046 ὑπογραφῆς
1828 993 2022 1046 εἰρήσεται·
2049 994 2167 1035 ἐνθάδε
2188 994 2224 1034 δὲ
2242 996 2412 1048 γνωστέον

1368 1053 1529 1090 τοσοῦτον
1554 1051 1633 1104 περὶ
1652 1055 1720 1091 τῶν
1739 1051 1907 1091 ἀνωτάτω
1926 1052 2183 1107 χαρακτήρων,
2198 1052 2251 1093 ὅτι
2274 1053 2334 1094 δύο
2353 1054 2410 1095 ὅν-

1370 1124 1464 1157 των,
1486 1112 1701 1163 ὕφηγητικοῧ
1735 1110 1794 1149 καὶ
1826 1113 2034 1163 ζητητικοῦ,
2062 1114 2079 1151 6
2109 1111 2173 1164 μὲν
2204 1113 2414 1166 ὑφηγητικὸς

1369 1166 1545 1220 ἥρμοσται
1561 1169 1645 1221 πρὸς
1663 1169 1892 1208 διδασκαλίαν
1908 1171 1968 1209 καὶ
1984 1171 2110 1226 πρᾶξιν
2124 1170 2184 1210 καὶ
2206 1169 2380 1216 ἀπόδειξιν
2395 1186 2413 1212 b

1370 1241 1427 1264 του
1472 1229 1641 1275 ἀληθους,
1675 1231 1693 1267 ὃ
1726 1228 1761 1266 δὲ
1790 1228 1972 1276 ζητητικὸς
2005 1229 2092 1282 πρὸς
2123 1227 2319 1282 γυμνασίαν
2352 1227 2412 1266 καὶ

1368 1285 1484 1334 ἀγῶνα
1504 1286 1563 1325 καὶ
1584 1286 1725 1339 ἔλεγχον
1742 1302 1801 1324 του
1822 1286 1986 1338 ψεύδους,
2007 1302 2068 1325 και
2084 1287 2137 1325 ὅτι
2156 1288 2175 1325 6
2196 1286 2270 1337 μὲν
2279 1286 2412 1339 ὕφηγη-

1366 1343 1459 1388 τικὸς
1474 1346 1542 1384 τῶν
1561 1344 1778 1397 πραγμάτων
1800 1344 2032 1396 στοχάζεται,
2055 1347 2073 1383 6
2089 1343 2125 1382 δὲ
2141 1341 2324 1392 ζητητικὸς
2342 1345 2411 1382 τῶν

1366 1402 1577 1455 προσώπων.

1419 1462 1428 1511 (
1446 1461 1619 1513 Scripsi:
1638 1466 1651 1484 ὓ
1674 1464 1707 1500 ἐν
1726 1477 1793 1505 τοις
1815 1461 1892 1509 ἑξῆς
1909 1460 2110 1501 τελεώτατα
2139 1460 2269 1513 μετὰε
2255 1475 2411 1514 υπογρα-

1366 1524 1431 1575 φ’ῆς
1451 1520 1644 1572 εἰρήσεται·
1673 1519 1790 1559 ἐνθάδε
1812 1519 1845 1558 δὲ
1867 1519 2038 1571 γνωστέον
2060 1521 2224 1558 τοσοῦτον
2244 1519 2410 1573 περὶτῶν

1367 1579 1532 1618 ἀνωτάτω
1549 1577 1782 1631 χαρακτήρων
1801 1591 1823 1616 e
1842 1577 1924 1616 cod.
1947 1577 1999 1626 L;
2018 1577 2135 1628 vulgo
2154 1577 2236 1616 haec
2255 1578 2407 1620 desunt.

1366 1639 1555 1678 Caeterum
1579 1637 1613 1676 δὲ
1634 1646 1722 1689 post
1741 1636 1860 1675 ἐνθάδε
1882 1650 1904 1675 a
1928 1636 2098 1675 secunda
2123 1649 2240 1675 manu
2258 1637 2300 1676 in
2322 1638 2408 1677 cod.

1365 1699 1537 1737 additum
1563 1706 1632 1737 est.
1658 1719 1705 1725 —-
1724 1695 1740 1720 ὓ
1759 1695 1818 1734 και
1841 1694 2014 1740 ἀπόδειξιν
2036 1707 2058 1735 e
2081 1695 2165 1734 cod.
2199 1695 2256 1747 L;
2289 1696 2409 1746 vulgo

1365 1756 1642 1795 desiderantur.
1667 1753 1744 1828 -)

1418 1814 1456 1854 ε’.
1487 1815 1568 1853 Των
1586 1812 1648 1864 μὲν
1668 1806 1726 1851 ουν
1748 1828 1807 1852 του
1825 1817 1840 1835 ⁸
1860 1811 2048 1857 Πλάτωνος
2068 1811 2270 1864 διαλόγωνε
2257 1811 2409 1864 υπάγον·

1365 1889 1423 1911 ται
1446 1875 1496 1925 τῷ
1518 1872 1578 1922 μὲν
1597 1873 1733 1925 φυσικῷ
1754 1873 1771 1909 6
1789 1873 1960 1922 Τίμαιος,
1977 1873 2026 1924 τῷ
2047 1870 2082 1909 δὲ
2095 1872 2206 1923 ἠθικῷ
2222 1872 2240 1898 ¹²
2258 1873 2280 1918 ἡ
2305 1870 2409 1910 Ἀπο-

1365 1932 1468 1984 λογία
1499 1937 1536 1979 0,
1565 1933 1614 1983 τῷ
1646 1930 1681 1969 δὲ
1700 1931 1838 1983 Ιλογικῷ
1867 1929 2030 1983 Θεάγης,
2054 1928 2258 1983 Κρατύλος,
2279 1929 2409 1981 Λύσις,

1367 1989 1562 2043 Σοφιστής,
1584 1988 1726 2042 Λάχης,
1746 1987 1952 2037 Πολιτικός,
1970 1990 2022 2041 τῷ
2042 1987 2079 2027 δὲ
2102 1988 2293 2042 ἐλεγκτικῷ
2309 1990 2410 2041 Παρ-

1368 2049 1528 2102 μενίδης,
1546 2048 1784 2102 Πρωταγόρας
1798 2079 1808 2099 ,
1831 2049 1881 2100 τῷ
1901 2047 1938 2086 δὲ
1957 2049 2128 2101 πολιτικῷ
2152 2047 2310 2101 Κρίτων,
2330 2047 2410 2088 Πο-

1366 2108 1479 2148 λιτεία
1494 2109 1533 2159 ¹¹,
1557 2107 1724 2157 Φαίδων,
1743 2106 1880 2155 Μίνως,
1907 2105 2128 2158 Συμπόσιον,
2148 2106 2282 2157 Νόμοι,
2301 2107 2411 2147 Ἐπι-

1369 2166 1491 2207 στολαί
1504 2196 1514 2215 ,
1531 2165 1716 2217 Ἐπινομίς
1730 2196 1741 2216 ,
1765 2165 1949 2211 Μενέξενος
1961 2195 1971 2214 ,
1993 2166 2194 2219 Κλειτοφῶν
2205 2195 2216 2216 ,
2233 2165 2410 2217 Φίληὸος,

1370 2297 1512 2338 speciem
1537 2305 1603 2328 non
1619 2295 1720 2328 hahet
1730 2321 1738 2335 ,
1756 2296 1813 2328 sed
1831 2295 1888 2328 illa
1904 2292 2082 2328 destitutus
2097 2294 2303 2329 nihilominus
2318 2295 2412 2329 dica—

1370 2357 1425 2387 tur
1441 2354 1607 2396 dialogus,
1626 2362 1690 2386 non
1709 2354 1798 2385 recte
1815 2352 1851 2385 id
1869 2352 1937 2386 fiat.
1982 2352 2034 2385 Sic
2049 2360 2123 2394 quae
2139 2352 2227 2394 apud
2243 2352 2409 2395 Thucydi-

1367 2413 1444 2446 dem
1471 2412 1572 2446 abiis
1596 2412 1654 2453 qui
1678 2411 1881 2453 dialogorum
1910 2410 2143 2453 proprietatem
2170 2410 2324 2453 effingere
2347 2419 2411 2444 non

1366 2472 1502 2515 possunt
1520 2471 1686 2510 dicuntur,
1714 2479 1780 2502 non
1796 2463 2034 2511 appellabimus
2058 2469 2241 2511 dialogum,
2268 2469 2327 2503 sed
2347 2476 2408 2512 po*

1366 2531 1433 2563 tius
1451 2530 1534 2563 duas
1551 2530 1714 2562 orationes
1733 2527 1892 2561 contrarii
1916 2528 2100 2570 argumenti
2122 2528 2260 2562 invicem
2278 2529 2408 2572 opposi-

1366 2592 1429 2623 tas.
1475 2590 1651 2630 Postquam
1670 2588 1781 2630 igitur,
1812 2587 1968 2630 quidnam
1988 2587 2031 2620 sit
2053 2587 2216 2630 dialogus,
2240 2587 2408 2630 perspexi-

1366 2657 1461 2689 mus,
1493 2647 1711 2680 differentiam
1756 2654 1886 2687 quoque
1927 2645 2128 2688 dialogorum
2166 2646 2409 2679 Platonicorum

1367 2707 1628 2746 consideremus,
1649 2705 1713 2738 hoc
1734 2706 1786 2738 est
1801 2713 1918 2747 genera
1942 2705 2132 2746 formasque
2163 2713 2298 2746 eorum,
2328 2707 2410 2747 quot

1367 2766 1432 2799 sint
1449 2774 1577 2799 summa
1596 2774 1710 2798 eorum
1728 2772 1862 2807 genera,
1887 2765 1922 2796 et
1938 2764 2020 2805 quot
2037 2763 2166 2797 illorum
2185 2770 2304 2807 genera
2325 2763 2402 2797 sub-

1368 2824 1476 2857 divisa
1495 2824 1529 2856 in
1547 2824 1668 2857 formas
1685 2822 1873 2856 individuas
1889 2820 2139 2854 distribuantur.

1410 2886 1466 2917 IV.
1489 2886 1538 2916 De
1554 2883 1726 2926 generibus
1742 2882 1839 2925 igitur
1852 2881 2004 2923 deinceps
2017 2880 2201 2922 plenissime
2216 2879 2410 2914 adumbrata

1367 2943 1415 2975 rei
1431 2943 1571 2985 imagine
1588 2942 1726 2982 dicetur3
1744 2941 1798 2973 hic
1813 2949 1891 2973 vero
1909 2940 1943 2972 id
1958 2940 2087 2972 tantum
2100 2939 2142 2972 de
2157 2939 2293 2972 summis
2308 2946 2408 2981 gene-

1366 3002 1457 3034 ribus
1473 3001 1686 3045 judicandum
1702 3002 1769 3041 est,
1785 3009 1826 3033 ex
1842 2998 1963 3041 duplici
1979 2998 2043 3031 isto
2058 3006 2199 3039 quorum
2218 2997 2356 3030 alterum
2374 2998 2408 3030 in

1368 3060 1525 3094 narrando
1538 3086 1546 3102 ‚
1561 3061 1701 3094 alterum
1721 3059 1755 3092 in
1772 3057 1965 3100 inquirendo
1983 3057 2145 3097 versatur,
2162 3056 2254 3099 prius
2268 3055 2350 3089 illud
2365 3056 2408 3088 ad

1368 3119 1551 3152 docendum
1576 3120 1609 3152 et
1628 3118 1787 3161 agendum
1811 3118 1844 3150 et
1866 3116 1908 3149 ad
1933 3115 2003 3148 veri
2023 3113 2330 3147 demonstrationem
2348 3122 2403 3147 ac·

1367 3178 1607 3211 commodatum
1635 3185 1724 3218 esse,
1750 3175 1913 3219 posterius
1930 3174 1973 3207 ad
1992 3172 2257 3207 exercitationem
2275 3174 2308 3206 et
2325 3180 2404 3206 con-

1366 3237 1543 3270 troversias
1562 3238 1594 3269 et
1612 3236 1653 3270 ad
1666 3235 1853 3278 opinionum
1869 3233 2037 3266 levitatem
2052 3230 2302 3272 confutandam3
2315 3239 2401 3273 prae-

1365 3297 1454 3328 terea
1469 3296 1606 3328 tonnam
1618 3293 1858 3338 explicatricem
1873 3291 1916 3325 ad
1930 3297 1982 3324 res
2000 3291 2080 3332 sere,
2096 3289 2344 3332 exploratoriam
2361 3289 2403 3322 ad

1364 3361 1518 3394 personas
1535 3353 1704 3395 pertinere.

1405 3414 1446 3445 V.
1468 3415 1492 3444 E
1507 3413 1651 3446 Platonis
1667 3411 1800 3454 dialogis
1813 3409 1999 3444 referuntur
2013 3408 2055 3442 ad
2073 3407 2254 3442 naturalem
2273 3386 2398 3450 sapien-
