2508 3776
294 177 372 216 526

289 264 349 303 καὶ
370 262 554 313 ἀπονέμει,
577 260 687 301 ταῦτά
713 262 779 300 εἶσι
795 259 840 300 τὰ
861 259 1007 314 φιλικά,
1031 260 1089 300 καὶ
1110 263 1144 301 ἐν
1161 264 1329 310 τούτοιςὴ

290 323 386 377 φιλία
408 322 624 360 συνίσταται.

343 382 359 396 *
381 380 434 420 Τὸ
453 380 486 418 δὲ
508 381 622 425 ζητεῖν
652 376 796 430 πότερον
816 377 914 429 φιλία
943 377 1034 417 ἐστὶν
1056 381 1077 426 ἡ
1103 379 1187 432 πρὸς
1209 379 1331 419 ἑαυτὸν

290 440 435 478 ἑκάστου
461 437 597 488 ἀγάπη,
621 435 643 482 ἢ
662 435 730 487 μή,
756 435 910 489 ἀφείσθω
940 438 996 476 ἐπὶ
1016 441 1077 476 τοῦ
1098 439 1281 492 παρόντος·
1309 444 1331 488 ἡ

289 498 355 550 γὰρ
379 498 476 550 φιλία
495 496 567 547 δύο,
587 495 751 547 ἢτριῶν,
774 497 820 539 ὡς
838 496 940 542 δῆλον
968 498 1006 535 ἐκ
1025 499 1093 535 τῶν
1123 498 1328 550 εἰρημένων.

292 556 363 595 Καὶ
379 555 411 594 εἴ
426 572 477 600 τις
503 555 563 594 καὶ
593 555 637 593 τὰ
658 554 743 607 πρὸς
773 554 896 593 ἑαυτὸν
917 555 1036 609 φιλίαν
1069 559 1188 605 καλεῖ,
1213 558 1266 606 εἴη
1289 558 1332 596 ἂν

290 615 386 668 φιλία
401 646 410 663 ,
428 614 504 653 καθ’
521 614 599 652 ὅσον
615 612 631 635 k
673 613 766 651 ἐστὶν
786 612 890 657 αὐτὸς
907 613 992 666 πρὸς
1007 615 1128 654 ἑαυτὸν
1146 615 1331 669 διαφέρων,

290 675 349 714 καὶ
370 678 418 728 τῷ
433 676 622 727 λογιστικῷ
645 673 683 712 τὸ
704 672 896 721 παθητικὸν
923 674 1125 713 σπένδεται.
1152 675 1223 715 Καὶ
1247 676 1332 716 διότι

291 735 325 774 δὲ
363 737 384 782 ἡ
417 733 592 786 ὑπερβολὴ
623 737 684 780 τῆς
715 732 830 786 φιλίας
864 731 954 772 ἔοικε
990 736 1032 787 τῇ
1068 733 1216 773 ἑκάστου
1247 735 1331 787 πρὸς

290 793 410 832 ἑαυτὸν
431 794 574 845 ἀγάπῃ,
594 792 654 831 καὶ
675 793 763 839 αὐτὴ
789 793 930 830 καλοῖτο
951 791 992 831 ἂν
1007 791 1117 846 φιλία.

345 854 509 905 (Scripsi
532 867 540 890 ε
561 856 575 875 ²¹
593 852 738 904 ἑαυτοῦ]
772 852 857 891 cod.
885 854 1011 904 ἑαυτῷ.
1037 876 1091 884 -
1113 852 1128 876 ¹³
1143 853 1186 892 τὰ
1205 853 1325 905 διαφέ-

291 929 392 964 ροντα
412 914 444 950 ἐν
472 914 540 956 τοῖς
562 910 757 962 ἀνθρώποις
781 911 840 950 καὶ
865 913 899 950 ἐν
916 915 959 964 τῇ
980 916 1078 965 κοινῇ
1098 912 1217 965 φύσει]
1239 913 1328 953 cod.

289 971 333 1010 τὰ
352 970 558 1025 διαφέροντα
573 971 643 1014 τοῖς
665 970 855 1023 ἀνθρώποις
877 970 936 1008 καὶ
960 974 1002 1022 τῇ
1027 974 1122 1024 κοινῇ
1148 970 1262 1024 φύσει.
1278 995 1332 1001 —

289 1036 303 1052 ‘²
323 1030 481 1083 ἄκριτος]
505 1030 590 1070 cod.
617 1030 777 1083 ἀκριτής.
797 1030 850 1060 ·-’-
866 1029 883 1052 ‘1
904 1029 947 1068 τά
967 1031 1027 1083 τε]
1048 1031 1132 1071 cod.
1159 1032 1256 1069 τάτε.
1282 1054 1333 1060 --

289 1095 303 1111 ⁰
318 1088 464 1143 ἀργίαν]
487 1090 573 1128 cod.
593 1089 750 1141 ἀργείαν.
770 1113 822 1118 —
839 1089 850 1111 f
870 1089 1005 1140 με’νειν]
1029 1091 1116 1131 cod.
1134 1090 1260 1141 μένων.
1282 1113 1335 1119 —-

288 1147 520 1200 8γενόμενον]
559 1149 644 1188 cod.
682 1148 876 1199 γινόμενον.
912 1151 992 1178 —h
1027 1149 1096 1195 δ’,τι
1127 1149 1211 1187 ποτέ
1236 1149 1333 1199 ἐστι]

290 1208 410 1257 vulgo
435 1206 499 1253 δ’,τί
527 1206 613 1244 ποτέ
636 1207 721 1245 ἐστι.
742 1230 793 1235 -
810 1206 820 1229 ¹
838 1207 969 1257 οὐκέτι]
992 1208 1078 1247 cod.
1102 1208 1163 1246 οὐκ
1192 1207 1254 1245 ἔτι.
1279 1229 1328 1235 --

290 1264 307 1287 ¹¹
326 1265 501 1316 καθ’ὅσον]
528 1266 658 1316 vulgo.
685 1265 849 1305 καθόσον.
875 1265 952 1318 -)

729 1379 760 1416 Κ
765 1391 819 1430 εφ.
852 1376 900 1422 ς’.

700 1488 775 1530 Περὶ
791 1487 923 1524 εὐνοίας.

341 1591 377 1611 **
397 1589 442 1629 ‘H
464 1588 499 1628 δὲ
520 1588 634 1627 εὔνοια
660 1588 758 1641 φιλίᾳ
788 1586 850 1638 μὲν
883 1585 1012 1635 ἔοικεν,
1035 1589 1072 1625 οὐ
1097 1586 1166 1639 μήν
1201 1587 1274 1626 ἐστί
1295 1603 1334 1640 γε

288 1649 399 1703 φιλία.
426 1648 497 1688 Καὶ
512 1647 580 1701 γὰρ
602 1649 786 1698 εὖνοοῧμεν
805 1645 865 1685 καὶ
884 1640 932 1691 οἷς
948 1647 1010 1685 οὔκ
1028 1647 1134 1698 ἐσμὲν
1149 1647 1253 1701 φίλοι·
1275 1648 1334 1686 καὶ

287 1710 418 1762 γίνεται
439 1707 555 1747 εὔνοια
580 1706 641 1746 καὶ
664 1706 749 1758 πρὸς
770 1707 926 1758 ἀγνῶτα,
948 1705 1008 1744 καὶ
1032 1706 1251 1745 λανθάνουσα
1274 1706 1331 1745 τὸν

289 1768 494 1823 φιλούμενον
506 1783 514 1791 ·
538 1765 636 1820 φιλία
659 1765 693 1803 δὲ
708 1764 823 1804 οὐκέτι
835 1769 865 1813 ³,
887 1764 1000 1809 καθὼς
1015 1765 1074 1804 καὶ
1093 1765 1258 1819 πρότερον
1276 1765 1334 1806 διὰ

288 1829 458 1867 πλειόνων
482 1825 631 1879 εἴρηται.

341 1887 393 1904 ⁴**
415 1886 508 1926 Οὔτε
526 1885 638 1923 τοίνυν
661 1883 758 1937 φιλία
779 1883 872 1923 ἐστὶν
892 1886 915 1931 ἡ
935 1882 1050 1922 εὔνοια
1063 1913 1072 1931 ,
1095 1882 1156 1923 καὶ
1182 1884 1259 1923 οὐδὲ
1277 1883 1332 1937 φί-

288 1948 387 1995 λησις
404 1946 513 1985 ἔοικεν
530 1938 634 1984 εἶναι.
662 1944 731 1983 Καὶ
748 1943 816 1995 γὰρ
838 1946 861 1991 ἡ
884 1943 946 1992 μὲν
967 1942 1107 1996 φίλησις
1119 1943 1230 1994 ὁρμήν
1255 1959 1330 1981 τινα

288 2007 347 2045 καὶ
372 2005 506 2053 κίνησιν
535 2006 582 2048 εἷς
598 2003 636 2042 τὸ
656 2002 859 2056 φιλούμενον
881 2001 971 2054 ἔχει,
994 2001 1054 2039 καὶ
1075 2001 1183 2053 ὄρεξιν
1206 2003 1326 2049 αὐτοῦ,

288 2064 348 2104 καὶ
371 2065 465 2113 ζητεῖ
484 2066 501 2102 ὃ
519 2064 626 2116 φιλῶν
655 2062 707 2101 ἀεὶ
726 2061 765 2099 τὸ
787 2061 1006 2114 φιλούμενον.
1026 2059 1073 2100 Ἡ
1107 2059 1142 2098 δὲ
1157 2059 1270 2098 εὔνοια
1291 2062 1329 2099 οὖ

287 2124 446 2170 τοιαύτη.
470 2124 517 2162 Οἳ
535 2122 602 2175 γὰρ
630 2115 721 2160 εῧνοι
741 2122 759 2144 ¹³
786 2120 970 2174 βούλονται
993 2120 1055 2170 μὲν
1075 2118 1119 2157 τὰ
1142 2120 1256 2171 ἀγαθὰ
1282 2114 1330 2164 οἷς

289 2186 374 2223 εἰσιν
407 2176 519 2221 εῧνοι·
562 2187 714 2221 συνεῖναι
736 2181 771 2220 δὲ
798 2181 836 2218 οὗ
854 2180 947 2218 πάνυ
970 2181 1153 2226 ζητοῦσιν·
1177 2178 1227 2216 ἔτι
1254 2178 1289 2217 δὲ
1309 2181 1331 2226 ἡ

289 2243 351 2294 μὲν
372 2242 510 2296 φίλησις
529 2241 616 2292 μετὰ
638 2239 845 2289 συνηθείας,
862 2238 977 2292 χρόνῳ
992 2239 1060 2292 γάρ
1076 2254 1142 2276 τινι
1157 2237 1217 2276 καὶ
1235 2254 1335 2286 συνη-

287 2301 360 2355 θείᾳ
379 2304 399 2349 ἡ
420 2302 558 2354 φίλησις
575 2300 724 2351 γίνεται·
745 2302 767 2346 ἡ
790 2299 825 2338 δὲ
842 2298 955 2337 εὔνοια
977 2297 1119 2350 ἀθρόον,
1138 2300 1184 2342 ὡς
1204 2299 1330 2346 εἰπεῖν,

288 2354 335 2404 οἷς
360 2359 570 2411 ἐπιγίνεται,
593 2358 798 2409 συμὸαίνει·
826 2357 987 2410 καθάπερ
1008 2359 1038 2396 οἱ
1059 2357 1228 2407 θεώμενοι
1248 2357 1333 2409 πρὸς

287 2419 364 2463 τοὺς
384 2417 656 2469 ἀγωνιζομένους
685 2418 911 2456 διατίθενται.
951 2409 1058 2456 Εῧνοι
1089 2416 1156 2469 γὰρ
1178 2415 1333 2466 γίνονται

287 2478 372 2530 πρὸς
392 2476 515 2520 αὐτοὺς
534 2476 630 2520 εὐθὺς
659 2478 825 2520 νικῶντας
845 2477 1011 2528 ὁρῶντες,
1030 2475 1089 2513 καὶ
1113 2474 1331 2513 συνθέλουσιν

288 2539 402 2580 αὐτοῖς
431 2536 474 2573 τὰ
512 2536 643 2586 ἀγαθά·
668 2535 909 2587 συμπράξαιεν
943 2533 1013 2573 δ’ἂν
1050 2534 1149 2574 οὐδέν
1174 2549 1183 2558 ·
1205 2535 1243 2571 οὗ
1263 2534 1332 2586 γὰρ

289 2596 427 2648 φίλησιν
461 2594 598 2646 ἔχουσιν
621 2596 667 2638 εἷς
691 2593 834 2655 αὐτούς’,
859 2592 973 2647 χρόνῳ
997 2593 1062 2630 τινὶ
1084 2593 1142 2631 καὶ
1166 2593 1330 2647 συνηθείᾳ

289 2654 504 2705 στέρξαντες,
534 2655 610 2690 ἀλλ’
627 2652 702 2702 ἅμα
717 2669 754 2691 τε
771 2659 784 2675 ⁰
802 2653 890 2691 εἶδον
916 2652 975 2691 καὶ
1007 2652 1168 2700 ἥσθησαν
1191 2653 1326 2695 αὐτοῖς·

289 2713 348 2752 καὶ
368 2711 423 2750 διὰ
453 2716 553 2750 τοῦτο
574 2711 786 2755 ἐπιπολαίως
820 2711 1042 2764 στέργουσιν,
1067 2709 1151 2761 ὅπερ
1182 2709 1273 2748 ἐστὶν
1308 2713 1329 2757 ἡ

289 2771 415 2810 εὔνοια.

344 2828 417 2849 ***'‘
441 2828 616 2867 Φαίνεται
646 2829 757 2868 τοίνυν
779 2828 870 2883 ἀρχὴ
894 2829 1009 2883 φιλίας
1031 2831 1053 2876 ἡ
1083 2826 1197 2867 εὔνοια
1223 2821 1328 2875 εἶναι,

289 2888 447 2941 καθάπερ
466 2892 526 2926 τοῦ
540 2891 619 2941 ἐρᾷν
642 2888 733 2942 ἀρχὴ
748 2888 878 2940 γίνεται
895 2893 916 2937 ἡ
933 2887 988 2926 διὰ
1000 2891 1061 2936 τῆς
1075 2887 1186 2941 ὅψεως
1207 2887 1327 2935 ἡδονή·

289 2949 347 2987 καὶ
374 2947 492 2999 ὥσπερ
521 2949 558 2986 οὗ
586 2948 731 2986 δυνατὸν
751 2950 830 3001 ἐρᾷν
852 2947 901 3000 μὴ
924 2948 1091 3002 πρότερον
1112 2947 1260 2995 ἡσθέντα
1280 2948 1330 2999 τῷ

290 3007 371 3046 εἴδει
391 3010 449 3044 τοῦ
478 3006 671 3057 ἐρωμένου,
715 3007 856 3045 δυνατὸν
895 3007 931 3044 δὲ
962 3006 1128 3056 ἡδόμενον
1151 3005 1199 3056 μὴ
1230 3007 1327 3058 ἐρᾷν·

288 3066 365 3105 τότε
378 3065 445 3118 γάρ
459 3081 510 3109 τις
537 3066 600 3117 ἐρᾷ
619 3064 702 3102 ὅταν
731 3064 790 3103 καὶ
811 3066 946 3104 ἀπόντα
965 3068 1072 3118 ποθῇ,
1099 3065 1159 3104 καὶ
1179 3067 1240 3110 τ’ἧς
1261 3080 1331 3101 πα-

292 3126 428 3177 ρουσίας
460 3126 634 3174 ἐπιθυμῇ’
661 3123 748 3162 οὕτω
782 3124 822 3170 δὴ
860 3123 920 3162 καὶ
951 3124 1069 3174 φίλους
1098 3126 1164 3176 οὐχ
1195 3117 1263 3162 οἶόν
1292 3139 1329 3160 τε

290 3178 394 3230 εἶναι,
431 3183 481 3233 μὴ
512 3183 626 3227 εὔνους
659 3182 862 3234 γενομένους
878 3198 885 3206 ·
921 3181 1035 3227 εὔνους
1070 3183 1104 3221 δὲ
1136 3182 1185 3233 μὴ
1209 3182 1329 3235 φίλους

290 3237 377 3281 εἶναι
398 3241 558 3281 δυνατόν.
581 3242 627 3281 Οἱ
647 3240 715 3294 γὰρ
737 3234 827 3279 εὖνοι
857 3240 1039 3292 βούλονται
1062 3241 1125 3291 μὲν
1145 3240 1187 3279 τὰ
1214 3240 1328 3291 ἀγαθὰ

1121 174 1401 215 ANDRONICI
1430 176 1609 216 RHODlI

1392 271 1527 311 apparet
1541 279 1579 302 ea
1595 279 1671 311 ‹1:1oe
1688 269 1749 304 sibi
1767 274 1901 314 exoptat
1918 275 1952 306 et
1974 266 2092 308 tribuit
2111 275 2164 309 vir
2179 275 2298 317 bonus,
2318 275 2437 311 amici&
2446 269 2450 271 “
2476 299 2486 313 2

1394 329 1449 360 tiae
1465 338 1536 361 esse
1557 328 1766 370 documenta,
1785 333 1818 364 et
1837 331 1869 363 in
1885 331 1938 364 his
1951 333 2130 366 amicitiam
2144 335 2335 368 consistere.

1434 389 1554 420 Utrum
1572 390 1685 421 autem
1703 389 1775 422 haec
1805 390 1849 422 sit
1865 390 2031 432 amicitia,
2055 402 2122 435 qua
2149 394 2269 436 singuli
2291 403 2325 427 se
2346 394 2436 438 ipsos

1393 447 1546 489 diligunt,
1584 457 1645 481 nee
1676 458 1728 489 ne,
1767 449 1800 482 in
1828 450 1983 492 praesenti
2011 455 2160 494 quaerere
2196 453 2390 487 omittamus
2424 466 2433 488 ι

1393 507 1535 540 (luorum
1556 508 1642 540 enim
1659 510 1718 541 aut
1739 509 1858 550 trium,
1880 510 2158 553 quemadmodum
2175 522 2194 545 e
2211 513 2436 556 superioribus

1394 569 1495 608 patet,
1511 569 1561 600 est
1581 567 1736 602 amicitia.
1766 569 1862 607 Quod
1881 569 1908 602 si
1931 570 2007 612 quis
2023 570 2075 603 sui
2097 580 2241 604 amorem
2257 571 2436 605 amicitiam

1395 627 1499 665 vocet,
1520 626 1663 659 amicitia
1684 626 1785 660 fuerit
1798 631 1952 668 eatenus,
1971 629 2292 673 quatenusaseipse
2306 628 2434 670 differt,

1395 686 1427 716 et
1454 685 1599 726 patibilis
1637 686 1736 718 animi
1769 696 1845 728 pars
1879 688 1999 720 rationi
2035 688 2241 722 conciliatur.
2273 690 2437 731 Praeterea

1393 743 1472 785 quia
1495 744 1639 777 amicitia
1666 745 1767 778 nimia
1792 748 1825 778 et
1843 747 2058 779 immoderata
2078 747 2126 780 illi
2148 756 2215 790 qua
2239 755 2275 781 se
2295 747 2438 790 quisque

1394 802 1518 845 diligit,
1539 803 1657 837 similis
1673 806 1724 838 est
1746 805 1912 846 amicitiae,
1930 806 2002 839 baec
2021 815 2154 850 quoque
2167 805 2284 840 eodem
2307 805 2437 840 nomine

1395 861 1588 903 appelletur.
2342 866 2347 870 ”

1832 1388 1922 1422 GAP.
1947 1389 2006 1421 VI.

1779 1495 1823 1522 De
1836 1493 2054 1522 benevolentia.

1437 1600 1668 1635 Benevolentia
1693 1602 1806 1632 autem
1819 1600 1937 1632 similis
1960 1602 2010 1633 est
2034 1600 2091 1633 illa
2107 1600 2245 1643 quidem
2267 1600 2437 1642 amicitiae,

1397 1662 1460 1684 non
1475 1654 1585 1683 tamen
1605 1650 1750 1682 amicitia
1776 1652 1836 1682 est.
1860 1650 1990 1682 Etenim
2014 1650 2275 1683 benevolentiam
2292 1660 2368 1693 erga
2384 1661 2441 1685 eos

1397 1703 1497 1735 etiam
1518 1701 1697 1739 habemus,
1726 1700 1849 1742 quibus
1874 1699 1971 1732 amici
1993 1708 2058 1732 non
2079 1708 2195 1732 sumus
2214 1713 2223 1732 ι
2241 1700 2322 1741 quin
2340 1700 2440 1734 etiam

1396 1751 1515 1794 ignotis
1542 1749 1719 1791 aliquando
1751 1749 1978 1782 benevolentia
2006 1750 2194 1791 praestatur,
2222 1757 2300 1791 quoe
2331 1751 2441 1783 tamen

1397 1799 1562 1833 hominem
1591 1798 1685 1830 nobis
1710 1807 1825 1830 carum
1845 1798 1927 1831 latet
1948 1811 1956 1831 z
1988 1796 2135 1830 amicitia
2161 1806 2225 1830 non
2243 1797 2336 1839 item,
2350 1797 2441 1840 quod

1397 1858 1496 1891 supra
1522 1847 1622 1880 latius
1637 1847 1899 1888 perscripsimus.

1438 1900 1547 1935 Quare
1577 1905 1637 1928 nec
1658 1895 1803 1927 amicitia
1834 1898 1884 1928 est
1910 1895 2151 1936 benevolentia,
2177 1905 2284 1939 neque
2317 1895 2441 1935 amatio
2468 1923 2473 1940 γ

1395 1951 1528 1984 videtur
1547 1959 1628 1982 esse.
1660 1949 1789 1981 Amatio
1816 1949 1903 1982 enim
1923 1949 2049 1992 impetu
2065 1949 2211 1992 quodam
2232 1951 2266 1982 et
2284 1951 2380 1982 motu
2398 1949 2441 1982 ad

1377 2003 1381 2007 ”
1396 2007 1431 2039 id
1461 2005 1551 2048 quod
1566 2005 1597 2038 ei
1609 2014 1722 2037 carum
1740 2007 1791 2036 est
1810 2005 1929 2043 fertur,
1951 2007 1985 2036 et
2001 2004 2150 2046 appetitu
2164 2003 2308 2046 quodam
2322 2003 2440 2036 incita-

1396 2063 1463 2100 tur,
1487 2068 1680 2101 semperque
1705 2058 1763 2101 qui
1786 2058 1833 2091 ita
1854 2060 1944 2090 amat
1973 2057 2058 2090 illud
2075 2057 2197 2101 quaerit
2222 2057 2312 2099 quod
2338 2059 2438 2094 amat.

1395 2115 1483 2149 Talis
1501 2116 1612 2147 autem
1628 2123 1692 2146 non
1719 2115 1770 2146 est
1789 2107 2026 2146 benevolen‘fia.
2046 2114 2168 2155 Nempe
2184 2112 2333 2146 benevoli
2356 2112 2440 2147 bona
2472 2130 2474 2133 v

1395 2171 1436 2203 iis
1461 2170 1629 2211 exoptant,
1660 2167 1782 2209 quibus
1802 2167 1952 2200 benevoli
1972 2168 2074 2199 sunt:
2097 2168 2132 2200 at
2151 2166 2277 2200 versari
2299 2175 2376 2200 eum
2399 2165 2441 2198 i1s

1395 2236 1459 2258 non
1484 2224 1587 2258 ferme
1611 2223 1846 2265 concupiscunt
1877 2235 1885 2255 ε
1910 2224 2071 2265 praeterea
2099 2221 2222 2254 amatio
2252 2223 2330 2254 cum
2361 2221 2439 2253 vitae
2474 2220 2476 2233 ³

1396 2280 1631 2314 consuetudine
1643 2280 1816 2322 conjuncta
1831 2281 1892 2318 est,
1909 2278 1991 2320 quia
2004 2279 2151 2320 tempore
2167 2278 2202 2309 et
2215 2275 2439 2310 familiaritate

1395 2336 1517 2369 amatio
1532 2334 1681 2367 nascitur
1699 2346 1708 2366 ε
1726 2336 1761 2366 at
1779 2332 2007 2366 benevolentia
2025 2331 2154 2371 subito⁷
2174 2332 2213 2363 ut
2238 2331 2282 2363 ita
2313 2327 2436 2372 dicam,

1394 2391 1434 2423 iis
1454 2390 1514 2433 qui
1534 2399 1607 2422 eam
1631 2388 1753 2421 habere
1784 2387 1964 2429 incipiunt,
1993 2385 2188 2418 conciliatur
2209 2398 2217 2418 ς
2249 2387 2440 2426 ut'speeta-

1394 2449 1484 2479 tores
1502 2454 1578 2486 erga
1598 2445 1722 2486 pugiles
1748 2445 1806 2476 aut
1827 2442 2026 2484 gladiatores
2053 2440 2252 2473 afficiuntur.
2283 2439 2438 2473 Benevoli

1395 2503 1483 2536 enim
1520 2501 1634 2534 statim
1659 2500 1700 2532 iis
1727 2499 1823 2538 fiunt,
1855 2507 1938 2540 quos
1966 2497 2097 2530 vincere
2118 2493 2244 2535 vident,
2274 2495 2439 2538 simulque

1395 2557 1479 2589 bona
1503 2555 1544 2587 iis
1561 2556 1679 2597 optant
1698 2565 1705 2586 ι
1728 2553 1785 2586 sed
1798 2561 1855 2585 eos
1878 2561 1939 2584 sua
1949 2560 2049 2593 opera
2066 2550 2226 2592 adjuvare
2237 2549 2361 2583 nolint:
2375 2559 2440 2582 non

1394 2612 1482 2646 enim
1493 2611 1635 2652 diligunt
1655 2618 1712 2642 eos
1725 2609 1857 2641 illorum
1867 2616 1958 2640 more
1975 2615 2118 2649 quorum
2140 2604 2273 2638 affectio
2292 2606 2439 2648 tempore

1394 2672 1429 2702 et
1451 2668 1688 2702 consuetudtne
1710 2666 1825 2706 erevit,
1859 2665 1917 2698 sed
1941 2663 2080 2697 simulac
2103 2662 2259 2696 viderunt
2283 2671 2351 2701 eos,
2379 2661 2439 2694 de-

1393 2725 1507 2758 lectari
1535 2725 1576 2757 iis
1601 2725 1788 2766 cmperunt,
1822 2722 1963 2763 ideoque
2001 2719 2118 2752 leviter
2147 2721 2279 2751 tantum
2307 2719 2435 2755 amant,

1393 2791 1459 2824 qua
1479 2781 1513 2814 in
1531 2791 1566 2813 re
1584 2780 1689 2823 posita
1715 2781 1766 2812 est
1785 2776 2022 2811 benevolentia.

1434 2835 1636 2877 Principium
1666 2842 1741 2874 ergo
1764 2831 1919 2864 amicitiae
1952 2829 2085 2862 videtur
2103 2837 2176 2861 esse
2199 2826 2435 2869 benevolentia,

1394 2877 1483 2909 haud
1513 2886 1607 2909 secus
1638 2878 1738 2916 alque
1763 2873 1884 2905 amorIs
1910 2881 1948 2904 ea
1967 2879 2043 2913 quae
2073 2871 2207 2911 aspectu
2220 2868 2362 2911 gignitur
2384 2877 2438 2899 vo⁴

1393 2919 1503 2960 luptas
1521 2930 1527 2949 :
1546 2920 1579 2950 et
1602 2915 1882 2959 quemadmodum
1902 2922 1999 2946 nemo
2021 2921 2133 2943 amare
2194 2912 2275 2948 test,
2297 2909 2438 2951 quinon

1392 2959 1491 2993 fuerit
1523 2961 1599 2991 ante
1634 2960 1738 2989 forma
1764 2955 1936 2997 specieque
1969 2953 2038 2986 cari
2069 2952 2212 2985 hominis
2236 2950 2435 2989 delectatus;

1393 3001 1450 3034 serl
1464 3001 1531 3033 lieri
1552 3002 1672 3042 potest,
1698 3000 1736 3029 ut
1749 2997 1931 3029 delectetur
1962 2994 2094 3035 aliquis,
2119 3001 2179 3026 nec
2193 2994 2304 3024 tamen
2323 2993 2435 3039 amet-2

1417 3043 1471 3075 uia
1487 3045 1559 3074 tum
1582 3042 1717 3073 demum
1741 3040 1831 3070 amat
1862 3036 1992 3078 aliquis,
2022 3044 2128 3076 quum
2154 3033 2322 3066 absentem
2348 3032 2435 3065 desi-

1391 3052 1496 3122 gerat,
1522 3086 1555 3115 et
1579 3081 1790 3124 praesentiam
1819 3076 2020 3119 concupiscit
2054 3088 2061 3107 :
2086 3076 2134 3108 sic
2150 3074 2222 3106 fieri
2245 3073 2369 3113 nequit,
2399 3075 2438 3105 ut

1391 3125 1476 3157 inter
1490 3134 1524 3157 se
1545 3124 1610 3156 sint
1629 3122 1737 3160 amici,
1767 3121 1905 3161 quinon
1925 3121 2000 3150 ante
2023 3116 2147 3148 suerint
2174 3115 2344 3148 benevoli:
2365 3114 2436 3146 lieri
2478 3139 2479 3142 ,

1391 3169 1503 3198 autem
1527 3166 1646 3206 potest,
1667 3165 1704 3196 ut
1721 3161 1780 3210 qui
1805 3159 1955 3193 benevoli
1971 3160 2060 3196 sunt,
2083 3167 2147 3189 non
2169 3156 2235 3188 sint
2252 3155 2434 3188 amici.Be-
2482 3162 2483 3169 ¹

1391 3207 1499 3240 nevoli
1516 3207 1603 3238 enim
1625 3206 1709 3237 bona
1731 3204 1772 3235 lis
1788 3202 1953 3242 exoptant,
1975 3199 2096 3240 quibus
2112 3197 2262 3230 benevoli
2274 3198 2363 3232 suut.
2378 3196 2435 3228 sed

1389 3258 1445 3281 eos
1465 3257 1524 3280 nec
1540 3256 1638 3288 opera
1671 3254 1730 3278 sua
1748 3243 1922 3285 adjuvare,
1946 3249 2005 3272 nec
2025 3238 2207 3280 quidquam
2230 3237 2352 3271 laboris
2378 3239 2436 3270 aut

1021 3315 2427 3337 Μ

332 3381 346 3397 ’“
366 3381 449 3422 Πρὸς
473 3380 570 3412 αὑτὸν
600 3379 633 3411 δὲ
663 3377 800 3419 πότερόν
823 3376 909 3407 ἐστιν
928 3377 994 3407 κτλ.
1018 3387 1056 3398 ·-
1087 3375 1125 3394 **
1149 3375 1227 3415 Gap.
1246 3377 1274 3410 5v
1303 3373 1343 3405 Ἥ
1372 3373 1407 3405 δὲ
1440 3372 1549 3405 εὔνοια
1567 3371 1637 3404 κτλ.
1673 3388 1709 3393 ——
1732 3367 1795 3389 *⁴⁹*
1831 3365 1908 3399 Ἀλλ’
1942 3365 2016 3398 οὐδὲ
2039 3364 2160 3406 φίλησίς
2188 3363 2275 3396 ἐστιν
2293 3362 2362 3395 κτλ.
2393 3373 2436 3383 -’

293 3427 361 3444 '‘***
382 3427 490 3459 Ἔοικε
511 3427 549 3464 δὴ
571 3427 651 3468 ἀρχὴ
666 3425 767 3467 φιλίας
788 3423 887 3463 εἶναι,
909 3424 977 3455 κτλ.
