2528 3788
300 188 352 226 64
1197 183 1264 224 DE
1293 182 1539 224 PLATONE.

300 273 627 324 Pythagoreorum
673 269 1001 321 disputationibus
1033 270 1218 310 adhibitis
1254 272 1332 309 ele·
1393 273 1434 310 in
1449 272 1747 322 Socraticorum,
1767 284 1852 322 quae
1863 278 2027 319 exstant,
2045 269 2219 321 epistolis
2232 272 2428 323 leguntur.

299 341 449 382 gantem
479 332 525 369 de
555 330 725 368 numeris
745 329 1012 380 Pythagoricis
1035 329 1211 368 libellum
1228 344 1332 370 com-

1393 330 1565 383 Namque
1578 344 1676 379 eam,
1690 344 1772 382 quae
1782 329 1884 369 inter
1896 330 1982 368 illas
1994 329 2190 380 trigesima
2203 339 2430 373 numeratur

298 391 444 441 posuit.
474 389 600 435 Quid?
636 387 743 439 quod
777 401 863 426 cum
895 387 1056 427 Platone
1092 389 1135 428 in
1159 390 1333 428 Siciliam
1394 398 1431 427 et
1449 390 1594 430 omisso
1613 389 1781 429 auctoris
1811 387 1969 427 nomine
1993 389 2220 440 simpliciter
2248 389 2431 442 Philippo

298 449 491 499 profectus
539 460 624 485 cum
661 446 759 484 alios
807 446 1139 498 Pythagoreorum
1180 448 1336 486 familiae

297 507 519 557 principes,
541 505 609 556 qui
632 517 678 543 eo
695 513 867 557 tempore
887 505 949 543 vel
972 505 1014 543 in
1030 505 1144 545 Italia
1163 520 1335 546 commo-

298 565 484 603 rabantur
503 565 565 603 vel
585 563 729 602 Siciliae
748 565 865 603 rebus
882 576 923 603 se
939 565 1229 614 immiscebant,
1251 574 1332 604 turn

297 622 507 675 Archytam
535 623 727 662 convenit.
752 622 922 661 Fuerunt
950 623 1065 662 etiam
1083 624 1152 663 alii
1173 624 1336 675 quibus-

297 696 383 721 cum
406 683 678 721 commercium
698 681 835 720 habuit
854 683 1110 735 Speusippus.
1141 684 1334 727 Nimirum

299 741 340 779 in
371 741 456 793 ejus
486 741 672 793 operibus
704 753 932 793 comparent
967 741 1045 793 (6ο)
1085 742 1257 794 epistolae
1288 743 1336 781 ad

301 800 488 848 Dionem,
519 800 777 851 Dionysium,
816 799 1043 851 Philippum
1078 800 1185 839 datae.
1212 802 1335 852 Atque

297 871 345 896 ex
377 859 541 910 epistola
571 859 727 910 quidem
760 859 807 897 ad
836 859 1000 898 Dionem
1033 872 1156 910 pauca
1188 860 1337 911 profert

297 917 526 956 Plutarchus
545 918 594 956 de
612 918 718 957 adul.
737 926 774 955 et
793 918 906 957 amic.
928 917 1045 958 discr.
1067 931 1150 970 cap.
1174 919 1222 963 43
1240 918 1331 970 (61),

300 976 478 1027 Dionysii
506 990 599 1016 vero
632 977 678 1014 ad
703 976 966 1028 Speusippum
996 976 1201 1015 scribentis
1233 977 1336 1015 dicta

297 1035 470 1085 quaedam
490 1044 698 1074 servarunt
718 1035 924 1074 Athenaeus
944 1035 1015 1073 lib.
1035 1035 1103 1075 VII
1125 1048 1213 1087 pag.
1238 1049 1330 1086 279·

296 1106 332 1133 e.
351 1103 388 1132 et
404 1094 597 1145 Diogenes
623 1094 800 1133 Laertius
821 1094 871 1132 lv
885 1122 897 1142 ,
920 1109 942 1132 2
962 1093 1053 1147 (62).
1086 1094 1263 1144 Denique
1288 1108 1336 1132 ex

297 1152 462 1203 epistola
508 1153 694 1204 Philippo
736 1152 987 1191 Macedonum
1031 1153 1121 1201 regi,
1153 1154 1336 1202 inscripta

296 1210 496 1262 Carystius
530 1212 790 1261 Pergamenus
825 1212 867 1249 in
902 1211 1197 1250 commentarios
1243 1224 1334 1250 suos

298 1270 445 1310 rettulit
464 1270 591 1308 locum
605 1299 615 1317 ,
642 1283 757 1320 quem
781 1270 946 1308 inseruit
965 1269 1168 1307 Athenaeus
1187 1268 1254 1306 lib.
1278 1268 1330 1306 XI

296 1342 335 1379 p.
357 1328 446 1369 506.
467 1328 498 1366 E
516 1330 607 1380 (63).
627 1329 704 1374 Qui
721 1329 828 1367 locus
845 1329 975 1379 gravis
987 1328 1197 1367 testimonii
1215 1329 1336 1365 instar

296 1387 439 1425 habere
461 1388 570 1426 visus
594 1396 651 1426 est
675 1387 930 1437 Wesselingio
952 1387 1000 1425 ad
1030 1386 1195 1424 Diodori
1214 1385 1335 1424 Siculi

296 1444 387 1486 libr.
411 1445 494 1484 XVI
524 1455 618 1485 tom.
641 1460 660 1493 7
688 1458 777 1496 pag.
805 1446 895 1483 508.
916 1446 1098 1484 Continet
1128 1447 1228 1482 enim
1249 1445 1333 1496 opi-

296 1506 452 1543 nionem
474 1505 521 1543 de
551 1504 781 1555 primordiis
801 1504 910 1554 regni
933 1504 1108 1556 Philippi
1138 1518 1160 1542 a
1190 1505 1331 1553 vulga-

296 1565 394 1602 tiore
421 1565 520 1602 fama
547 1564 751 1602 diversam.
779 1563 1005 1614 Philippum
1035 1562 1188 1602 Platoni
1209 1563 1337 1602 obtre-

296 1632 459 1661 ctantem
479 1622 727 1674 reprehendit
745 1621 1005 1673 Speusippus,
1022 1623 1132 1673 quasi
1147 1622 1335 1672 ignoran-

297 1682 402 1720 tibus
431 1681 658 1719 hominibus
689 1681 916 1732 Philippum
940 1681 1113 1720 Platonis
1142 1681 1332 1721 beneficio

298 1740 345 1778 ad
374 1753 537 1790 regnum
564 1743 800 1791 pervenisse.
834 1741 1034 1779 Platonem
1068 1743 1195 1791 enim,
1217 1742 1336 1781 misso

296 1798 488 1849 Euphraeo
501 1798 662 1837 Oritano
678 1799 726 1836 ad
745 1799 969 1837 Perdiccam
990 1800 1165 1838 effecisse
1177 1829 1188 1848 ‚
1211 1809 1253 1838 ut
1272 1801 1337 1840 hic

296 1857 495 1907 regionem
526 1858 718 1907 quandam
762 1857 946 1909 Philippo
992 1859 1226 1908 assignaret,
1269 1861 1338 1909 qui

297 1924 499 1966 postquam
528 1914 586 1954 ibi
614 1916 825 1954 exercitum
847 1916 1005 1954 aluisset
1035 1926 1188 1955 mortuo
1219 1916 1337 1956 fratre

297 1986 428 2011 rerum
458 1974 604 2025 potitus
632 1975 695 2014 sit.
734 1974 827 2020 Quae
857 1975 890 2012 si
919 1988 1011 2012 vera
1030 1984 1133 2022 sunt,
1169 1975 1209 2012 id
1232 1975 1336 2026 quod

298 2032 501 2071 Athenaeus
533 2034 575 2070 in
610 2045 796 2084 suspenso
830 2033 1043 2083 relinquit,
1088 2034 1334 2071 statuendum

297 2098 354 2129 est
380 2089 604 2142 Philippum
631 2089 712 2141 jam
740 2099 827 2128 ante
850 2089 980 2129 fratris
1002 2090 1153 2129 obitum
1187 2091 1333 2130 Thebis

296 2150 469 2200 elapsum
501 2149 544 2187 in
572 2149 798 2188 Macedonia
829 2158 1020 2188 versatum
1053 2163 1148 2189 esse.
1179 2149 1332 2188 Similia

294 2290 326 2310 τε
343 2279 395 2310 καὶ
422 2278 581 2314 συνθέτους
600 2278 711 2319 ὦφθαι“
737 2278 818 2319 ἔχων
834 2289 867 2310 τε
884 2282 975 2310 τοῦτο
1002 2278 1066 2319 ἔχει
1084 2277 1175 2310 πάλιν
1190 2279 1243 2310 καὶ
1265 2279 1336 2316 τοὺς

294 2325 545 2362 πολλαπλασίους
558 2326 612 2357 καὶ
628 2325 700 2362 τοὺς
721 2325 1034 2362 ὑποπολλαπλασίους
1045 2348 1054 2364 ,
1085 2325 1129 2357 ὧν
1150 2326 1211 2358 εἷο-ι
1224 2326 1337 2359 πολλα-

295 2373 436 2405 πλάσιοι·
457 2372 523 2413 ἔχει
554 2373 608 2414 μὲν
629 2373 689 2415 γὰρ
704 2373 1016 2410 ὑποπολλαπλασίους
1032 2372 1103 2409 τοὺς
1121 2374 1211 2415 μέχρι
1227 2375 1334 2416 πέντε,

293 2420 363 2456 τοὺς
378 2421 410 2452 δὲ
427 2420 489 2453 ἀπὸ
507 2423 569 2451 τῶν
587 2420 617 2457 ἓξ
643 2421 731 2461 μέχρι
755 2422 818 2452 τῶν
844 2421 919 2453 δέκα
945 2420 1193 2458 πολλαπλασίους
1221 2422 1332 2455 αὐτῶν·

294 2468 360 2502 ἐπεὶ
376 2468 409 2499 δὲ
424 2467 462 2498 τὰ
479 2470 503 2504 ζ’
516 2467 656 2507 οὐδενός,
680 2467 861 2508 ἐξαιρετέον*
877 2468 929 2500 καὶ
947 2468 986 2499 τὰ
1006 2466 1043 2505 δ’,
1059 2469 1100 2505 ὡς
1119 2470 1336 2503 πολλαπλάσια

292 2518 348 2547 τοῦ
366 2515 406 2556 β’,
422 2516 504 2547 ὥστε
522 2515 609 2552 ἴσους
626 2516 704 2547 εἶναι
729 2515 821 2548 πάλιν
846 2516 901 2547 δεῖ.
929 2515 997 2547 Ἔτι
1021 2515 1133 2552 πάντες
1154 2517 1184 2549 οὶ
1202 2516 1289 2557 λὸγοι
1303 2519 1335 2551 ἐν

294 2565 338 2603 τῷ
355 2563 386 2602 ι’,
405 2562 422 2594 ὅ
435 2573 468 2594 τε
481 2565 536 2594 τοῦ
553 2562 626 2594 ἴσου
642 2563 695 2594 καὶ
711 2565 766 2593 τοῦ
782 2562 918 2602 μείζονος
941 2563 994 2594 καὶ
1018 2566 1073 2594 τοῦ
1103 2563 1262 2600 ἐλάττονος
1281 2566 1334 2598 καὶ

293 2612 349 2640 τοῦ
365 2608 526 2649 ἐπιμορίου
541 2608 594 2639 καὶ
607 2611 668 2639 τῶν
687 2609 803 2640 λοιπῶν
824 2609 913 2640 εἰδῶν
930 2609 961 2640 ἐν
977 2609 1063 2649 αὐτῷ
1074 2633 1084 2649 ,
1109 2610 1162 2641 καὶ
1189 2610 1219 2641 οἱ
1240 2620 1332 2652 γραμ-

295 2656 380 2696 μικοὶ
398 2657 425 2687 οἱ
448 2655 588 2686 ἐπίπεδοι
617 2655 670 2686 καὶ
688 2657 717 2687 οἱ
734 2654 870 2696 στερεοί·
890 2655 925 2686 τὸ
944 2655 998 2696 μὲν
1014 2656 1074 2697 γὰρ
1095 2654 1125 2687 α’
1145 2657 1278 2696 στιγμή,
1297 2656 1333 2687 τὸ

294 2702 327 2733 δὲ
345 2703 374 2734 Β’
387 2701 512 2743 γραμμή
525 2725 533 2740 ,
552 2701 591 2732 τὰ
608 2701 640 2732 δὲ
656 2701 725 2742 τρία
739 2701 904 2742 τρίγωνον,
927 2701 966 2732 τὰ
978 2701 1011 2732 δὲ
1027 2701 1052 2732 δ’
1064 2701 1198 2743 πυραμίς
1211 2711 1217 2717 ·
1236 2704 1335 2734 ταῦτα

294 2748 326 2780 δὲ
353 2748 456 2779 πάντα
486 2748 552 2780 ἐστὶ
574 2750 684 2788 πρῶτα
701 2749 754 2779 καὶ
780 2747 873 2789 ἀρχαὶ
898 2751 959 2779 τῶν
982 2748 1051 2779 καθ’
1070 2748 1203 2781 ἕκαστον
1224 2750 1332 2790 ὁμογε-

294 2798 370 2826 νῶν.
389 2795 451 2826 Καὶ
464 2795 636 2834 ἀναλογιῶν
654 2794 686 2825 δὲ
699 2794 805 2835 πρώτη
819 2794 896 2832 αὐτή
911 2794 995 2825 ἐστιν
1006 2795 1025 2832 ἡ
1044 2794 1075 2826 ἐν
1086 2795 1189 2831 αὐτοῖς
1205 2795 1334 2836 ὀφθεῖσα

292 2842 312 2877 ἠ
338 2843 384 2880 τῷ
404 2839 465 2881 ἴσῳ
496 2840 549 2881 μὲν
573 2839 789 2880 ὑπερέχουσα,
814 2840 898 2875 τέλος
916 2840 948 2871 δὲ
966 2840 1084 2880 ἔχουσα
1105 2842 1136 2871 ἐν
1165 2844 1228 2878 τοῖς
1244 2842 1330 2874 δέκα.

292 2887 349 2918 Ἐν
374 2898 408 2919 τε
428 2887 582 2923 ἐπιπέδοις
604 2886 657 2917 καὶ
681 2887 815 2927 στερεοῖς
834 2886 942 2927 πρῶτά
960 2886 1026 2918 ἐστι
1058 2890 1178 2927 ταῦτα,
1203 2890 1331 2929 στιγμή,

292 2934 436 2975 γραμμή,
456 2933 621 2974 τρίγωνον,
647 2932 794 2974 πυραμίς·
824 2932 889 2973 ἔχει
910 2935 1007 2964 ταῦτα
1026 2933 1078 2966 τὸν
1097 2936 1158 2966 τῶν
1177 2934 1253 2967 δέκα
1266 2934 1333 2977 ἀρι-

292 2982 369 3020 θμὸν
386 2982 440 3013 καὶ
461 2981 543 3016 τέλος
561 2980 646 3021 ’ίσχει
661 2989 667 2995 ·
683 2980 788 3021 τετρὰς
805 2979 859 3020 μὲν
882 2979 939 3020 γὰρ
960 2980 990 3012 ἐν
1017 2982 1186 3021 πυραμίδος
1207 2983 1331 3022 γωνίαις

292 3030 312 3067 ἢ
339 3028 471 3069 βάσεσι,
506 3027 574 3064 ἑξὰς
603 3028 635 3059 δὲ
660 3029 690 3058 ἐν
723 3028 882 3067 πλευραῖς,
908 3027 989 3058 ὥστε
1025 3028 1121 3068 δέκα,
1152 3029 1257 3070 τετρὰς
1300 3030 1331 3061 δὲ

295 3074 387 3106 πάλιν
401 3074 430 3105 έν
451 3077 581 3113 στιγμῆς
597 3074 648 3104 καὶ
666 3077 807 3114 γραμμῆς
825 3073 1015 3111 διαστήμασι
1038 3075 1090 3105 καὶ
1115 3075 1245 3115 πέρασι,
1265 3076 1331 3112 ἑξὰς

291 3122 324 3154 δὲ
348 3122 379 3154 ὲν
413 3121 561 3161 τριγώνου
594 3121 734 3161 πλευραῖς
765 3122 816 3152 καὶ
844 3120 988 3160 γωνίαις,
1018 3121 1102 3152 ὥστε
1120 3121 1212 3153 πάλιν
1242 3122 1330 3159 δέκα.

290 3170 353 3203 Καὶ
370 3169 430 3209 μὴν
442 3168 495 3199 καὶ
513 3167 543 3199 ἐν
561 3170 627 3204 τοῖς
641 3168 785 3209 σχήμασι
803 3167 870 3199 κατ’
889 3168 1013 3208 ἀριθμὸν
1034 3169 1235 3210 σκεπτομένῳ
1251 3181 1331 3210 συμ-

292 3215 401 3247 6αίνει·
416 3217 538 3256 πρῶτον
557 3214 616 3255 γάρ
632 3214 699 3246 ἐστι
713 3214 861 3255 τρίγωνον
874 3214 909 3245 τὸ
929 3212 1122 3254 ἰσόπλευρον,
1139 3213 1156 3244 ὃ
1175 3213 1238 3255 ἔχει
1256 3214 1329 3255 μίαν

289 3273 357 3299 πως
376 3261 520 3302 γραμμὴν
540 3262 594 3293 καὶ
614 3261 740 3301 γωνίαν·
771 3261 852 3301 λέγω
877 3261 909 3292 δὲ
930 3260 1023 3301 μίαν,
1052 3260 1129 3293 διότι
1158 3260 1227 3297 ἴσας
1250 3262 1326 3303 ἔχει·

289 3308 441 3349 ἄσχιστον
457 3308 516 3350 γὰρ
539 3308 586 3340 ἀεὶ
604 3309 655 3339 καὶ
679 3308 807 3344 ἑνοειδὲς
838 3308 873 3340 τὸ
889 3308 971 3340 ἴσον·
991 3308 1129 3349 δεύτερον
1155 3309 1186 3340 δὲ
1204 3309 1240 3341 τὸ
1259 3311 1328 3350 ἡμμ

289 3355 488 3397 τετράγωνον·
519 3355 592 3396 μίαν
610 3356 668 3397 γὰρ
687 3355 759 3396 ἔχον
785 3356 984 3397 παραλλαγὴν
1012 3358 1162 3397 γραμμῶν
1189 3356 1242 3388 καὶ
1259 3368 1324 3398 γω-

295 3406 362 3436 οιῶν
385 3403 415 3435 ἐν
428 3403 514 3435 δυάδι
533 3404 652 3446 ὁρᾶται·
669 3403 769 3445 τρίτον
788 3403 820 3435 δὲ
836 3404 872 3435 τὸ
893 3407 948 3435 τοῦ
964 3403 1146 3445 ἰσοπλεύρου
1169 3404 1267 3444 ἥμισυ
1292 3406 1327 3438 τὸ

1395 447 1582 501 inscripta
1611 458 1682 497 est,
1720 462 1806 488 cum
1828 447 1956 486 Leone
1980 447 2121 486 Allatio
2140 457 2179 487 et
2202 447 2291 487 aliis
2305 448 2432 501 Speu-

1396 507 1509 559 sippo
1527 508 1792 555 vindicamus,
1823 507 1916 559 quia
1945 507 2128 546 convenit
2147 520 2235 546 cum
2259 507 2432 556 ejusdem

1395 566 1617 619 philosophi
1636 566 1769 606 verbis
1799 566 1901 616 apud
1926 565 2147 604 Athenaeum
2175 565 2269 616 (64).
2289 563 2433 607 Nobis-

1396 638 1481 664 cum
1501 626 1534 666 1.
1556 626 1605 667 G.
1627 625 1883 664 Boehneckius
1901 637 2057 676 quoque
2074 623 2165 662 facit
2185 623 2228 662 in
2246 622 2434 670 Quaestio-

1397 699 1489 724 num
1509 685 1557 723 de
1575 693 1670 723 orat.
1690 684 1769 722 Att.
1789 683 1877 723 vol.
1901 683 1932 723 1.
1958 684 2242 734 (Forsclzungen
2261 680 2434 730 aufdem

1398 747 1542 783 Gebiete
1559 747 1628 782 der
1645 744 1827 781 attischen
1852 743 2016 793 Redner)
2035 755 2125 794 pag.
2150 742 2225 786 364
2241 749 2280 780 et
2295 754 2337 794 p.
2357 741 2434 791 672

1396 817 1475 854 seq.
1494 802 1561 852 qui
1578 815 1659 840 eam
1681 815 1752 854 pro
1768 802 1938 852 genuina
1962 801 2080 839 habet
2105 813 2177 839 nec
2204 800 2327 839 multo
2345 807 2436 852 post

1396 861 1605 900 secundum
1637 861 1882 912 Olympiadis
1915 859 2036 899 CVIII
2070 872 2213 898 annum
2241 867 2435 898 exaratam

1395 933 1477 958 esse
1519 920 1727 958 contendit.
1770 919 2004 969 intelligitur
2039 918 2114 956 hoc
2163 931 2213 956 ex
2262 926 2435 956 extrema

1396 980 1567 1031 epistolae
1606 988 1730 1030 parte.
1783 978 1940 1030 Quippe
1980 977 2220 1030 Speusippus
2256 977 2314 1016 sic
2349 989 2433 1015 eam

1396 1039 1568 1077 claudit:
1606 1037 1698 1077 ἀλλὰ
1729 1037 1796 1089 γὰρ
1829 1037 1891 1081 τὰς
1917 1036 2044 1080 λοιπὰς
2077 1035 2220 1088 σκήψεις
2251 1033 2431 1087 γράψοντα

1397 1096 1568 1135 ἐπιλείπει
1589 1113 1632 1147 με
1652 1096 1691 1134 τὸ
1723 1095 1876 1148 βυὸλίον·
1909 1094 2084 1143 τοσαύτην
2104 1097 2190 1146 ἡμῖν
2216 1091 2344 1132 σπάνιν
2370 1094 2433 1144 βυ-

1397 1156 1503 1194 ὅλίων
1537 1152 1700 1207 βασιλεὺς
1732 1154 1910 1207 Αἴγυπτον
1941 1152 2062 1192 λαὸὼν
2093 1151 2303 1200 πεποίηκεν.
2336 1150 2434 1190 Nam

1396 1229 1441 1253 eo
1473 1224 1646 1265 tempore
1673 1214 1906 1252 Artaxerxes
1940 1213 2069 1252 Ochus
2095 1213 2260 1263 AEgypto
2288 1210 2436 1263 potitus

1395 1283 1476 1312 erat
1495 1274 1593 1325 (65),
1616 1273 1684 1323 qui
1704 1273 1860 1311 videtur
1882 1273 2052 1310 chartam
2082 1272 2146 1310 vel
2166 1283 2360 1323 papyrum
2385 1281 2436 1308 ex

1396 1331 1559 1382 AEgypto
1583 1331 1625 1368 in
1649 1330 1743 1368 alias
1765 1339 1884 1370 terras
1914 1329 2114 1382 exportari
2142 1329 2310 1368 vetuisse
2337 1327 2434 1380 (66).

1396 1390 1499 1429 Nihil
1532 1398 1658 1427 autem
1691 1398 1748 1427 est
1782 1389 1886 1439 quod
1914 1389 2040 1428 solum
2076 1388 2223 1428 Allatio
2251 1387 2439 1440 opposuit

1395 1449 1560 1487 Orellius
1573 1447 1615 1486 in
1632 1457 1760 1486 annot.
1783 1447 1829 1485 ad
1844 1447 2131 1486 Socraticorum
2150 1446 2262 1498 epist.
2283 1459 2324 1498 p.
2343 1446 2436 1493 262,

1396 1507 1437 1545 in
1469 1507 1544 1544 fine
1574 1505 1691 1556 hujus
1713 1507 1886 1557 epistolae
1912 1507 2068 1545 missam
2090 1518 2176 1544 eam
2196 1517 2245 1543 ex
2270 1504 2435 1556 AEgypto

1396 1564 1498 1611 dici,
1521 1563 1589 1602 ubi
1618 1563 1858 1615 Speusippus
1888 1577 2088 1615 nunquam
2124 1563 2256 1602 fuerit.
2289 1561 2437 1614 Nempe

1397 1623 1625 1673 scriptorem
1665 1622 1729 1659 vir
1750 1623 1888 1662 doctus
1920 1635 2000 1661 non
2027 1622 2236 1661 intellexit.
2267 1621 2439 1660 Fuerunt

1397 1681 1554 1732 quidem
1579 1680 1647 1731 qui
1667 1680 1842 1731 Bentlejo
1866 1681 1944 1732 (67)
1973 1680 2168 1732 astipulati
2184 1709 2194 1728 ‚
2223 1680 2331 1718 velut
2357 1680 2437 1719 An-

1396 1740 1527 1778 tonius
1545 1738 1860 1777 Westermannus
1875 1739 1918 1777 in
1938 1738 2274 1777 commentationis
2293 1737 2342 1777 de
2352 1738 2437 1789 epi-

1397 1799 1581 1837 stolarum
1599 1796 1857 1848 scriptoribus
1874 1797 2012 1846 graecis
2030 1804 2140 1848 parte
2165 1796 2331 1848 septima
2349 1796 2428 1848 (68)

1398 1870 1485 1896 cum
1504 1857 1576 1894 hac
1594 1868 1729 1894 omnes
1743 1855 2030 1896 Socraticorum
2051 1855 2232 1907 epistolas
2251 1863 2436 1908 tauquam

1399 1915 1630 1954 subditicias
1684 1913 1833 1952 familia
1861 1913 2149 1952 submoverent.
2198 1913 2439 1967 Conquisitis

1397 1974 1545 2012 scilicet
1585 1972 1804 2012 rationibus
1838 1973 1898 2010 illi
1936 1972 2010 2010 hoc
2051 1972 2190 2023 docere
2217 1981 2435 2018 conantur.

1397 2032 1519 2082 Ajunt
1536 2045 1628 2082 ergo
1647 2032 1817 2082 primum
1844 2031 1997 2069 obstare
2026 2031 2144 2069 totius
2174 2030 2347 2082 epistolae
2368 2030 2435 2070 ha·

1395 2090 1521 2129 bitum
1541 2099 1578 2128 et
1597 2099 1862 2140 argumentum
1878 2117 1889 2137 ‚
1908 2089 2048 2128 deinde
2063 2090 2177 2128 istam
2198 2103 2275 2141 qua
2294 2090 2437 2129 redun-

1397 2151 1461 2187 det
1475 2149 1734 2188 eruditionem
1755 2149 1846 2187 satis
1861 2148 2035 2199 putidam
2052 2161 2216 2199 eamque
2231 2162 2301 2187 nec
2319 2146 2442 2200 Speu-
2497 2187 2499 2190 .

1365 2294 1373 2305 o
1396 2278 1449 2309 καὶ
1465 2277 1683 2318 ἡμιτρίγωνον·
1712 2283 1835 2312 παντως
1859 2276 1918 2317 γάρ
1944 2275 2052 2308 ἄνισον
2069 2277 2144 2308 καθ’
2163 2276 2317 2316 ἕκαστον,
2347 2276 2384 2309 τὸ
2407 2276 2442 2311 δὲ

1397 2328 1458 2357 πᾶν
1477 2326 1571 2357 αὐτοῦ
1583 2323 1653 2367 τρία
1667 2322 1746 2356 ἐστί.
1767 2323 1830 2355 Καὶ
1845 2323 1895 2355 ἐπὶ
1911 2326 1972 2355 τῶν
1989 2325 2123 2364 στερεῶν
2145 2322 2300 2364 εὑρίσκοις
2313 2323 2351 2357 ἂν
2367 2322 2440 2366 ἄχρι

1395 2374 1457 2403 τῶν
1473 2371 1625 2412 τεττάρων
1642 2369 1760 2411 προῖὼν
1785 2369 1822 2401 τὸ
1841 2371 1982 2408 τοιοῦτο,
2007 2369 2091 2400 ὥστε
2114 2369 2242 2407 δεκάδος
2261 2369 2314 2402 καὶ
2340 2369 2440 2406 οὕτως

1394 2419 1500 2459 ψαύει·
1518 2417 1602 2459 τριὰς
1615 2415 1674 2458 γάρ
1690 2427 1756 2453 πως
1773 2417 1792 2454 ἡ
1809 2415 1865 2456 μὲν
1890 2415 1998 2457 πρώτη
2011 2416 2145 2457 πυραμὶς
2169 2414 2242 2457 μίαν
2263 2426 2331 2454 πως
2344 2425 2439 2458 γραμ-

1396 2466 1455 2504 μήν
1476 2476 1509 2497 τε
1528 2465 1582 2496 καὶ
1601 2463 1778 2504 ἐπιφάνειαν
1793 2462 1824 2494 ἐν
1845 2461 1966 2500 ἰσότητι
1983 2462 2122 2503 ἔχουσα,
2145 2462 2232 2505 παρὰ
2254 2465 2309 2501 τῆς
2321 2462 2372 2496 ἰπὶ
2385 2466 2439 2502 τῆς

1396 2513 1516 2554 βάσεως
1534 2509 1647 2552 γωνίας
1658 2509 1721 2542 ὑπὸ
1744 2512 1838 2550 τριῶν
1858 2508 2014 2541 ἐπιπέδων
2037 2509 2262 2550 περιεχομένη,
2285 2509 2342 2549 τήν
2356 2509 2439 2542 κατὰ

1396 2559 1530 2600 κορυφὴν
1549 2557 1611 2590 ὑπὸ
1625 2555 1777 2598 τεττάρων
1794 2556 2021 2597 συγκλειομένη
2033 2578 2044 2597 ,
2063 2556 2148 2588 ὥστε
2170 2557 2207 2589 ἐκ
2223 2557 2336 2589 τούτου
2351 2556 2440 2590 δυάδι

1394 2606 1537 2638 ἑοικέναι·
1563 2606 1584 2642 ἠ
1603 2604 1637 2636 δὲ
1661 2603 1746 2645 τρίτη
1769 2603 1886 2645 τριάδι,
1916 2603 1966 2635 ἐπὶ
1990 2603 2241 2644 ἡμιτετραγώνου
2269 2604 2438 2646 βεὸηκυῖα,

1395 2656 1447 2686 καὶ
1465 2654 1520 2686 σὺν
1536 2656 1574 2695 τῇ
1592 2652 1720 2694 ὀφθείσῃ
1738 2655 1794 2694 μιᾷ
1809 2654 1851 2689 ὡς
1865 2652 1896 2684 ἐν
1913 2652 2052 2693 ἐπιπέδῳ
2070 2655 2109 2694 τῇ
2134 2653 2377 2696 ἡμιτετραγὼνῳ
2394 2654 2439 2687 ἔτι

1392 2702 1445 2733 καὶ
1472 2701 1565 2739 ἀλλην
1593 2701 1712 2741 ἔχουσα
1744 2699 1892 2742 δίαφοράν
1920 2702 1977 2738 τήν
2017 2703 2071 2738 τῆς
2100 2701 2267 2741 κορυφαίας
2298 2703 2437 2745 γωνίαν,

1394 2751 1476 2781 ὥστε
1487 2748 1586 2790 τριάδι
1614 2748 1652 2780 ἂν
1669 2748 1810 2787 ὁμοιοῖτο
1835 2747 1911 2790 πρὸς
1933 2747 2023 2788 ὀρθὰς
2040 2747 2096 2786 τήν
2118 2747 2235 2788 γωνίαν
2258 2747 2383 2791 ἔχουσα
2400 2754 2438 2792 τῇ

1392 2801 1446 2836 τῆς
1463 2796 1584 2838 βάσεως
1603 2795 1684 2837 μέσῃ
1697 2796 1825 2837 πλευρᾷ·
1841 2794 1964 2837 τετράδι
1983 2795 2017 2827 δὲ
2034 2796 2055 2833 ἡ
2072 2795 2201 2838 τετάρτη
2219 2797 2300 2829 κατὰ
2315 2800 2415 2830 ταῦτα
2427 2822 2437 2839 ,

1393 2845 1443 2877 ἐπὶ
1468 2843 1710 2885 ἠμιτετραγώνῳ
1728 2843 1820 2884 βάσει
1845 2843 2073 2882 συνισταμένη,
2102 2843 2185 2875 ὥστε
2205 2844 2291 2880 τέλος
2320 2843 2353 2877 ἐν
2371 2849 2439 2883 τοῖς

1393 2894 1468 2925 δέκα
1482 2891 1651 2932 λαμὸάνειν
1670 2892 1710 2923 τὰ
1727 2891 1886 2932 λεχθέντα.
1907 2890 1956 2922 Τὰ
1973 2890 2055 2922 αὐτὰ
2073 2890 2107 2923 δὲ
2123 2891 2176 2923 καὶ
2200 2890 2233 2924 ἐν
2251 2892 2291 2933 τῇ
2304 2892 2434 2932 γενέσει·

1392 2939 1499 2980 πρώτη
1518 2938 1572 2978 μὲν
1593 2937 1652 2978 γὰρ
1671 2937 1751 2979 ἀρχὴ
1767 2936 1810 2973 εἰς
1836 2937 1962 2977 μέγεθος
1985 2936 2122 2976 στιγμή,
2144 2936 2272 2979 δευτέρα
2287 2939 2434 2979 γραμμή,

1391 2986 1476 3027 τρίτη
1498 2984 1676 3026 ἐπιφάνεια,
1690 2985 1834 3024 τέταρτον
1856 2983 1994 3024 στερεόν.
2013 3000 2052 3005 -
2068 2982 2135 3024 (60)
2155 2982 2318 3025 Diogenes
2333 2983 2433 3017 Laer-

1393 3034 1459 3066 tius
1475 3032 1531 3066 tib.
1549 3033 1607 3072 IV,
1626 3035 1644 3064 5
1667 3031 1830 3064 ἐπιστολαὶ
1847 3031 1923 3072 πρὸς
1948 3029 2074 3070 Δίωνα,
2100 3030 2287 3070 Διονύσιον,
2317 3031 2435 3064 Φίλιπ-

1391 3092 1460 3113 πον.
1481 3097 1523 3103 --
1537 3095 1580 3103 -
1593 3078 1656 3120 (61)
1676 3077 1752 3111 Vid.
1770 3077 1883 3119 fragm.
1904 3078 1974 3110 191.
1992 3093 2035 3109 -ι-
2049 3076 2117 3119 (62)
2132 3076 2206 3109 Vid.
2228 3076 2341 3118 fragm.
2359 3078 2437 3110 '226-

1392 3131 1463 3160 227.
1485 3145 1521 3151 -—
1540 3126 1605 3166 (63)
1623 3125 1698 3158 Vid.
1719 3125 1835 3166 fragm.
1859 3126 1928 3157 192.
1948 3141 1984 3147 —
2002 3123 2070 3165 (64)
2085 3123 2160 3156 vid.
2177 3123 2291 3165 fragm.
2311 3126 2435 3157 187.—

1391 3174 1457 3215 (65)
1477 3173 1552 3206 Vid.
1573 3171 1708 3205 Diodor.
1732 3171 1830 3204 Sicul.
1857 3170 1919 3204 lib.
1949 3171 2025 3203 XVI
2047 3178 2122 3211 cap.
2149 3172 2202 3204 51.
2227 3182 2270 3195 -·-
2292 3169 2361 3214 (66)
2381 3170 2430 3205 cf.

1391 3221 1567 3253 Ambroise
1594 3219 1726 3253 Firmin
1743 3217 1863 3257 Didot‚
1880 3225 1942 3249 aar
1962 3217 1994 3249 le
2012 3217 2103 3258 prix
2121 3214 2170 3248 du
2185 3217 2319 3258 papien·
2341 3215 2435 3250 dans

1391 3266 1591 3308 l’antiquite‘
1617 3275 1650 3308 p.
1674 3267 1695 3298 9
1713 3264 1828 3307 (Paris
1858 3262 1961 3306 1857).
1981 3280 2019 3288 -·
2043 3261 2111 3305 (67)
2130 3262 2294 3304 Bentlejus
2309 3264 2429 3304 opusc.

1390 3313 1470 3355 phil.
1488 3323 1562 3356 pag.
1582 3316 1623 3347 47
1640 3321 1730 3354 seqq.
1752 3311 1890 3353 (Lipsiae
1908 3310 2018 3352 1781).
2040 3327 2081 3333 -
2098 3309 2167 3352 (68)
2183 3313 2259 3343 Ant.
2277 3311 2429 3344 Wester·

1388 3369 1497 3392 mann.
1532 3361 1565 3393 in
1591 3359 1883 3393 commentationis
1904 3358 1946 3391 de
1973 3356 2190 3399 epistolarum
2216 3356 2413 3399 scriptoribu

1388 3407 1502 3448 graecis
1518 3409 1610 3450 parte
1632 3405 1771 3450 septima
1791 3404 1931 3448 (Lipsiae
1951 3404 2064 3446 1855).
2081 3419 2125 3430 -·
