2528 3788
1088 219 1419 283 FRAGMENTA.
2243 228 2291 271 9,

28 337 30 339 >
144 314 375 371 §aestimem
423 315 504 355 κτλ.
567 314 697 362 Quum
737 313 979 367 Speusippus
1015 312 1193 351 Platonis
1256 311 1367 360 velit,
1391 323 1479 350 eum
1508 319 1655 350 naturae
1686 321 1943 363 congruenter
1974 315 2107 353 vivere
2128 324 2294 366 oportet.

23 375 81 422 ι’
144 375 315 416 selmlam
339 373 468 427 primo
488 374 736 427 Olympiadis
758 373 830 412 108
854 385 958 411 anno
979 372 1188 422 regendam
1253 371 1401 417 Quodsi
1439 371 1486 408 ad
1518 371 1634 409 talem
1669 373 1789 410 vitam
1821 381 1859 411 et
1890 372 2054 412 virtutes
2090 373 2299 426 adjecerit,

145 435 380 488 msceperit,
402 434 477 474 Dio
505 442 633 473 autem
663 433 872 485 Syracusas
889 440 1029 483 quarto
1050 431 1191 482 Olym·
1255 429 1390 467 beatus
1410 428 1507 480 fiet.)

22 539 28 556 r
66 482 76 487 μ
139 493 274 548 pinciis
311 494 381 532 105
400 507 503 533 anno
530 496 572 532 in
592 493 814 532 libertatem
844 490 1135 539 vindicaverit,
1157 498 1195 528 et
1309 493 1373 528 1⁶5.
1410 487 1658 560 Πιθανώτερον
1686 489 1715 526 δ’
1743 488 1894 528 ἐοίκασιν
1922 491 1954 528 ot
1986 490 2219 545 Πυθαγόρειοι
2237 491 2298 531 λέ-

123 560 288 606 ..quarto
307 565 411 592 anno
427 561 516 604 post
530 581 542 602 ,
561 550 794 604 Olympiade
828 551 902 590 106
922 558 1087 588 exeunte
1103 579 1113 599 ,
1135 549 1195 588 in·
1255 561 1327 600 γειν
1344 562 1387 585 πε
1410 546 1422 584 't
1442 549 1570 595 αὐτοῦ,
1586 547 1657 586 τιθέ
1644 562 1713 585 -ντε
1717 563 1732 592 ς
1754 549 1788 586 ἐν
1808 550 1852 600 τῇ
1877 550 1944 586 τῶν
1963 551 2099 602 ἀγαθῶν
2118 552 2301 605 συστοιχίᾳ

146 611 326 652 teffectus
343 611 460 651 fuerit
476 624 486 650 :
502 622 658 650 necesse
670 618 742 657 est,
764 608 969 661 epistolam
985 608 1086 647 hanc
1100 609 1194 646 vivo
1255 604 1294 644 τὸ
1307 603 1395 645 {lv-0
1376 621 1426 650 ος
1446 605 1488 653 δὴ
1511 606 1571 646 καὶ
1593 606 1820 651 Σπεύσιππος
1841 609 2122 657 ἐπακολουθῆσαι
2136 611 2246 652 δοκεῖ.

69 646 72 651 i
107 694 110 698 ⁴
145 669 273 711 adhuc
305 670 469 710 Platone
495 682 518 708 a
545 669 764 722 Speusippo
792 667 841 706 ad
877 667 1043 706 Dionem
1064 668 1193 706 datam
1313 665 1564 716 (Aristoteles
1592 666 1716 705 Ethic.
1757 666 1980 707 Nicomach.
2014 668 2086 709 lib.
2117 668 2135 707 Ι
2169 683 2251 722 cap.
2280 678 2301 717 l.

147 729 282 771 fuisse.
302 729 493 769 Caeterum
512 728 656 781 scripsi
683 728 712 766 εἷ
730 725 838 771 πολὺς
858 726 939 780 περὶ
953 728 1060 765 αὐτοῦ
1077 726 1196 778 λόγος,
1258 738 1298 776 p.
1327 726 1438 775 ¹096.
1473 725 1514 764 B.
1546 725 1607 763 ed.
1633 725 1793 764 Bekker.
1824 726 2034 765 Sumebant
2065 728 2300 779 Pythagorei

47 798 75 823 ’»
145 801 267 841 quum
288 791 329 828 in
349 788 589 829 membranis
608 796 758 827 tantum
786 787 934 837 legatur
954 786 983 824 εἰ
1006 784 1111 830 πολυς
1136 787 1198 823 αὐ-
1258 782 1388 822 decem
1424 795 1508 822 esse
1527 797 1655 822 rerum
1687 784 1886 837 principia
1901 815 1911 833 ,
1949 785 2093 836 quibus
2125 790 2305 840 opposita

0 1934 2 1963 ς
87 1942 90 1943 ⁷
150 1911 232 1960 λεὺς
246 1913 307 1954 καὶ
323 1914 456 1969 ἄρχων·
475 1916 494 1954 ὁ
512 1913 616 1966 νόμος
634 1944 646 1965 ,
667 1912 768 1965 λόγος
795 1910 842 1951 ὣν
865 1911 982 1966 ὀρθός,
1007 1912 1206 1956 σπουδαῖος

147 852 207 888 m
219 847 340 901 λόγος
349 847 361 903 )
1259 841 1390 881 decem
1412 843 1533 882 altera
1553 856 1602 881 ex
1630 852 1739 895 parte
1761 844 2064 895 responderent,
2087 845 2141 884 ita
2170 855 2212 884 ut
2230 847 2306 885 du—
2347 866 2351 869 ·

203 919 270 948 τις.
291 901 406 954 Οὗτος
426 908 457 946 δ’
480 905 554 947 ἐστὶ
583 905 762 954 Πλάτων,
792 903 829 943 ὃν
861 902 1091 948 Σπεύσιππός
1110 918 1199 956 φησι
1258 902 1350 954 plex
1362 902 1454 941 inde
1473 902 1763 955 principiorum
1777 902 1875 940 ordo
1891 903 1973 941 sive
1985 903 2305 956 συστοιχίαοτίιό-

146 965 314 1021 φίλτατον
352 966 437 1006 ὄντα
468 964 671 1019 Ἀρχελάῳ,
708 962 885 1016 Φιλίππῳ
919 964 981 1010 τῆς
1020 961 1200 1016 βασιλείας
1260 974 1335 1004 tur.
1373 965 1459 1012 Qua
1494 965 1542 1003 de
1571 978 1612 1004 re
1633 966 1690 1004 sic
1724 965 1955 1003 Aristoteles
1990 966 2158 1017 Metaph.
2180 967 2214 1015 1,
2251 969 2272 1006 5
2299 983 2306 1006 :

149 1023 259 1066 αἴτιον
282 1025 454 1078 γενέσθαι.
488 1022 622 1078 Γράφει
639 1028 720 1077 γοῦν
743 1021 942 1076 Καρύστιος
968 1023 986 1061 ὁ
1006 1022 1202 1075 Περγαμη-
1261 1022 1371 1077 ἕτεροι
1386 1023 1421 1063 δὲ
1439 1025 1507 1062 τῶν
1532 1025 1647 1062 αὐτῶν
1670 1023 1809 1063 τούτων
1825 1022 1887 1068 τὰς
1911 1023 2024 1076 ἀρχὰς
2045 1024 2129 1063 ’δέκα
2152 1025 2309 1077 λέγουσιν

149 1081 207 1130 νὸς
218 1085 256 1125 ὃν
270 1089 342 1130 τοῖς
354 1085 542 1136 ἱστορικοῖς
557 1081 807 1135 ὖπομνῆμασῑν
819 1080 927 1125 Οὕτως
942 1079 1200 1124 «Σπεύσιππος
1262 1078 1350 1123 εἶναι
1363 1084 1424 1128 τὰς
1441 1081 1533 1122 κατὰ
1551 1082 1759 1136 συστοιχίαν
1778 1082 1990 1135 λεγομένας,
2007 1082 2114 1134 πέρας
2131 1082 2190 1120 καὶ
2209 1083 2313 1122 ἄπει-
2382 1113 2385 1118 ,

149 1144 406 1198 πυνθανᾴμενος
425 1145 609 1185 Φίλιππον
641 1145 866 1198 βλασφημεῖν
893 1141 976 1194 περὶ
1008 1140 1203 1185 Πλάτωνος
1266 1158 1336 1196 ρον,
1359 1142 1519 1196 περιττὸν
1543 1142 1604 1181 καὶ
1626 1142 1766 1195 ἄρτιον,
1798 1140 1833 1180 ἓν
1854 1141 1913 1180 καὶ
1942 1142 2091 1189 πλῆθος,
2116 1141 2226 1186 δεξιὸν
2252 1144 2312 1182 καὶ

153 1206 202 1250 Εἷς
225 1203 414 1253 ἕπῑστολὴν
433 1202 567 1259 ἔγραψέ
589 1218 622 1242 τ’·
643 1206 819 1251 τοιοῦτον,
851 1199 973 1254 ὥσπερ
991 1201 1203 1253 ἀγνοοῦντας
1264 1202 1470 1255 ἀριστερόν,
1494 1202 1597 1257 ἄῤῥεν
1618 1202 1679 1241 καὶ
1700 1203 1808 1250 θῆλυ,
1828 1203 1983 1254 ἠρεμοῦν
2004 1201 2063 1238 καὶ
2078 1200 2282 1252 κινούμενον
2296 1232 2306 1250 ,

150 1263 230 1310 ⁴³⁰⁹<
268 1264 471 1319 ἀνθρώπως
499 1263 552 1303 ὅτι
583 1262 644 1302 καὶ
667 1261 731 1310 τὴν
772 1261 885 1315 ἀρχὴν
918 1262 980 1308 τῆς
1021 1260 1204 1311 βασιλείας
1264 1262 1343 1301 εὖθυ
1377 1261 1438 1300 καὶ
1476 1260 1683 1313 καμπύλον,
1717 1262 1788 1314 φῶς
1823 1275 1884 1299 και
1912 1259 2054 1307 σκότος,
2092 1260 2220 1312 ἀγαθὸν
2253 1262 2313 1300 καὶ

153 1322 336 1368 Φίλιππος
360 1322 419 1364 διὰ
444 1323 636 1367 Πλάτωνος
661 1321 779 1375 ἔσχεν.
814 1320 989 1373 Εὐφραῖον
1015 1318 1084 1372 γὰρ
1117 1318 1205 1359 ἅπέ-
1266 1321 1372 1361 κακόν
1385 1320 1630 1374 ,τετράγωνον
1653 1319 1714 1358 καὶ
1733 1318 1959 1372 ἑτερόμηκες.
1993 1319 2164 1370 Propius
2185 1329 2310 1360 autem

153 1383 270 1423 στειλι
283 1383 344 1422 τὸν
363 1381 528 1437 Ὠρείτην
549 1382 634 1435 πρὸς
654 1380 853 1435 Περδίκκαν
871 1378 1040 1430 Πλάτων,
1055 1378 1091 1423 ὃς
1105 1379 1204 1417 ἔπει-
1267 1383 1312 1421 ad
1347 1394 1482 1420 verum
1514 1381 1846 1432 Pythagoreorum
1878 1379 2104 1431 opinionem
2134 1380 2316 1419 accedere

153 1457 212 1482 σιν
234 1442 451 1497 ἀπομερίσαι
477 1441 559 1482 τινὰ
584 1441 704 1515 χώραν
725 1439 917 1492 Φιλίππῳ.
947 1437 1153 1492 Διατρέφων
1174 1438 1205 1476 δ’
1234 1412 1239 1479 l
1262 1442 1414 1493 judicat
1434 1441 1658 1491 Stagirites,
1681 1439 1787 1491 quod
1804 1439 1973 1490 speciem
1991 1439 2084 1476 boni
2108 1451 2188 1476 non
2208 1452 2317 1491 sepa-

153 1501 304 1541 ἐνταῦθα
321 1500 471 1552 δύναμιν
484 1529 496 1550 ,
516 1502 603 1545 ὡς’
584 1516 650 1539 απε
637 1500 737 1539 έθοινε
759 1497 982 1552 Περδίκκας,
1006 1496 1041 1543 ἐξ
1063 1496 1204 1549 ἑτοίμου
1235 1473 1277 1523 ¹
1267 1510 1388 1540 ratam
1410 1514 1432 1540 a
1460 1500 1609 1539 caeteris
1629 1497 1814 1538 omnibus
1839 1498 2041 1536 elementis
2063 1498 2146 1536 sive
2165 1499 2318 1550 princi-

98 1571 102 1574 ⁴
153 1559 337 1612 &mv-wc
367 1560 612 1614 ὑπαρχούσης
651 1559 799 1599 ἐπέπεσε
836 1562 907 1602 τοῖς
944 1556 1201 1610 πράγμασι.»
1268 1563 1345 1614 piis
1375 1575 1459 1600 esse
1493 1560 1717 1609 voluerint,
1738 1558 1804 1597 sed
1824 1572 1911 1596 cum
1932 1558 2014 1596 illis
2033 1557 2313 1609 conjunctam,

153 1619 268 1660 Τοῦτο
287 1620 317 1659 ὃ
335 1619 434 1673 εἴπερ
447 1619 556 1664 οὕτως
578 1617 744 1667 ἀληθείας
757 1616 851 1670 ἔχει,
872 1616 945 1661 θεὸς
965 1614 1007 1655 ἂν
1028 1615 1149 1664 εἷᾶείη·
1267 1630 1401 1674 utpote
1420 1620 1582 1660 eodem'
1571 1633 1613 1658 in
1627 1590 1766 1657 ordine
1778 1619 1958 1658 locatam.
1976 1617 2169 1656 Nimirum
2185 1630 2318 1670 quam-

209 1677 437 1730 (Athenaeus
454 1677 527 1718 hb
550 1676 602 1715 XI
622 1690 660 1730 p.
687 1676 776 1717 506.
801 1677 859 1729 e.)
1270 1683 1327 1720 vis
1359 1678 1593 1731 Pythagorei
1625 1686 1663 1716 et
1692 1677 1770 1729 ipsi
1796 1677 1986 1716 unitatem
2011 1689 2083 1716 suo
2108 1676 2215 1715 bono
2248 1680 2320 1718 tri-

207 1748 275 1777 toa.
303 1736 532 1784 Σπεύσιππος
551 1734 619 1788 γὰρ
637 1735 671 1773 ἔν
691 1736 741 1785 τῷ
766 1733 852 1788 πρὸς
872 1735 1090 1786 Κλεοφῶντα
1107 1733 1204 1787 πρώ·
1270 1740 1468 1780 buerent:
1490 1751 1612 1777 unum
1629 1738 1734 1776 enim
1754 1745 1812 1775 est
1837 1736 1880 1775 in
1900 1736 2034 1775 eodem
2055 1737 2194 1774 ordine
2206 1764 2220 1785 ,
2243 1750 2320 1788 quo

152 1810 204 1850 ‘tq'
222 1796 267 1836 τὰ
285 1795 392 1848 ὅμοια
418 1798 469 1850 τῷ
489 1793 699 1836 Πλάτωνι
680 1809 772 1834 εοῑκε
806 1792 864 1832 διὰ
898 1791 1023 1833 τούτου
1046 1793 1205 1846 γραφεῖν·
1267 1802 1437 1846 bonum3
1472 1806 1600 1835 tamen
1625 1795 1721 1834 boni
1744 1795 1941 1833 notionem
1974 1807 2053 1832 non
2084 1793 2279 1834 habebant
2300 1810 2321 1834 a

152 1855 185 1894 εἰ
200 1853 270 1910 γὰρ
286 1857 310 1904 ἡ
331 1854 493 1908 βασιλεία
519 1854 732 1903 σπουδαῖον,
752 1851 773 1892 8
790 1867 829 1892 τε
849 1851 955 1907 σοφὸς
978 1851 1080 1904 μόνος
1103 1855 1208 1905 βασι-
1270 1858 1434 1910 reliquis
1461 1856 1579 1894 bonis
1613 1863 1821 1901 secretam,
1853 1865 1973 1905 quum
1994 1856 2123 1891 omnia
2148 1853 2320 1903 ejusdem

1269 1916 1421 1954 ordinis
1443 1914 1640 1967 principia
1660 1913 1708 1951 ad
1727 1913 1874 1953 bonum
1903 1914 2156 1964 pertinerent.
2190 1910 2313 1958 Quid
2307 1915 2321 1941 ³

1270 1975 1376 2027 quod
1414 1974 1576 2012 omnino
1620 1972 1817 2025 principia
1855 1971 2093 2022 Pythagorei
2135 1983 2240 2019 non,
2283 1982 2324 2011 ut

1270 2033 1403 2080 Plato,
1430 2033 1513 2072 sola
1534 2039 1661 2070 mente
1678 2030 1860 2080 intelligi,
1884 2029 1952 2068 sed
1970 2029 2149 2068 sensibus
2169 2031 2320 2083 percipi

1270 2104 1385 2160 posse
1423 2098 1673 2130 censuerunt
1713 2089 1802 2128 vid.
1843 2088 2015 2139 Metaph.
2051 2088 2085 2136 I,
2119 2089 2157 2128 6.
2191 2088 2322 2128 Placet

1271 2151 1391 2201 igitur
1412 2149 1694 2201 Pythagoreis,
1715 2148 1862 2186 bonum
1886 2161 1965 2185 non
1988 2160 2074 2186 esse
2095 2160 2179 2185 rem
2200 2149 2319 2186 solam

151 1971 176 2013 ἃ
193 1973 253 2013 καὶ
272 1976 382 2016 ἔστιν.
426 1977 429 1979 ’

191 2031 412 2083 (Clemens
441 2031 731 2070 Alexandrinus
758 2031 900 2069 Suom
938 2029 1012 2069 lib.
1043 2029 1080 2067 ll
1117 2043 1205 2081 pag.

156 2091 230 2139 367
253 2103 289 2131 a.
315 2090 379 2131 ed.
398 2090 587 2142 Sylburg.
603 2088 614 2140 )

208 2162 276 2191 194.
303 2148 532 2192 Σπευσιππός
548 2162 608 2198 τε,
639 2150 657 2185 ὃ
682 2146 872 2191 Πλάτωνος
895 2147 1121 2200 ἀδελφιδους,
1143 2146 1206 2194 τὴν

153 2209 375 2261 εὐδαιμονίαν
396 2207 502 2264 φησιν
522 2205 589 2254 ἕξιν
611 2200 702 2246 εἶναι
732 2205 903 2245 τελείαν
888 2218 922 2244 εν
943 2220 1014 2250 τοις
1035 2204 1127 2243 κατὰ
1145 2205 1205 2259 φύ-

153 2281 208 2307 σιν
224 2266 383 2321 ἔχουσιν,
399 2266 423 2314 ἢ
443 2265 512 2313 ἕξιν
529 2267 681 2318 ἀγαθῶν·
702 2259 744 2312 ἧς
764 2263 806 2312 δὴ
823 2263 1073 2307 καταστάσεως
1090 2263 1206 2302 ἅπαν-

151 2341 216 2373 τας
237 2325 301 2378 μὶν
322 2325 524 2379 ἀνθρώπους
537 2323 687 2378 ὄρεξιν”
669 2341 684 2363 ε
688 2339 788 2378 χειν
810 2322 1044 2377 στοχάζεσθαι
1072 2322 1108 2362 δὲ
1127 2322 1206 2368 τους

153 2385 304 2440 ἀγιθους
329 2388 390 2434 τῆς
406 2387 616 2439 ἀοχλησίας.
639 2378 756 2424 Εἶεν’“
738 2386 769 2423 ο’
792 2383 832 2423 ἂν
855 2386 891 2422 αἱ
917 2383 1042 2437 ἀρεταὶ
1058 2387 1122 2431 τῆς
1146 2386 1203 2423 εὖ·

151 2443 333 2498 δαιμονίας
353 2443 625 2498 ἀπεργαστικαί.

203 2505 410 2555 (Clemens
444 2504 733 2543 Alexandrinus
768 2503 912 2541 Strom.
951 2503 1021 2542 lib.
1054 2502 1090 2540 ll
1116 2516 1203 2554 pag.

154 2565 245 2610 418.
268 2563 310 2604 d.
332 2564 532 2604 Sententia
557 2562 642 2602 haec
671 2571 739 2602 est.
769 2562 809 2600 Si
836 2562 924 2612 quis
957 2561 1093 2600 beatus
1121 2574 1205 2600 esse

1237 2221 1341 2261 per
1361 2221 1425 2256 se,
1460 2208 1527 2247 sed
1573 2221 1703 2246 rerum
1740 2206 2028 2245 multitudinem
2061 2206 2144 2255 ejus
2175 2207 2323 2245 unitate

1269 2267 1474 2306 contineri.
1489 2266 1683 2312 Quocirca
1695 2265 2030 2316 Pythagoreorum
2046 2263 2188 2314 dogma
2203 2264 2324 2316 Speu-

1270 2326 1385 2378 sippo
1403 2325 1611 2377 probatum
1630 2325 1806 2363 Platonis
1827 2325 1982 2362 decreto
2005 2324 2206 2375 anteponit
2230 2325 2321 2362 Ari-

1271 2385 1439 2452 stoteles,
1451 2385 1545 2436 quia
1563 2384 1695 2422 omnia
1708 2383 1814 2422 bona
1831 2383 1879 2422 ad
1893 2397 2015 2422 unum
2032 2382 2197 2431 bonum,
2215 2383 2319 2434 quod

1268 2453 1326 2483 est
1355 2444 1397 2482 in
1417 2445 1534 2482 rebus
1551 2443 1732 2481 humanis
1762 2442 2006 2490 referebant,
2029 2455 2108 2480 non
2130 2441 2178 2480 ad
2203 2454 2318 2480 unam

1268 2501 1377 2541 illam
1399 2501 1497 2540 boni
1518 2502 1687 2552 speciem
1701 2530 1711 2550 ,
1746 2515 1833 2552 quae
1865 2500 1914 2539 ab
1945 2501 2052 2538 omni
2074 2500 2321 2539 concretione

1271 2561 1427 2600 mortali
1448 2570 1647 2611 segregata
1665 2569 1735 2599 est.
1752 2562 1763 2610 )

148 2762 150 2764 ’
195 2759 265 2791 102.
293 2755 356 2790 Hic
377 2755 432 2790 ilie
458 2757 509 2790 est
526 2755 638 2797 Plato,
669 2763 766 2797 quem
794 2754 946 2787 Archelai
970 2754 1101 2786 amicis
1104 2755 1205 2787 imum
1235 2731 1399 2785 videtur
1420 2752 1529 2784 dicere
1561 2751 1680 2784 similia
1702 2749 1851 2791 Platoni,
1884 2749 1931 2782 sic
1964 2749 2110 2783 scribens
2139 2761 2148 2780 ε
2182 2748 2211 2782 si
2230 2748 2317 2782 enim

153 2816 257 2852 fuisse
271 2817 384 2851 narrat
400 2816 621 2860 speusippus,
639 2817 740 2858 atquc
766 2814 891 2848 idcirco
908 2814 1059 2857 Ihilippo
1075 2822 1207 2847 causam
1269 2821 1405 2854 regnum
1424 2820 1477 2845 res
1496 2811 1580 2844 bona
1597 2814 1658 2851 est,
1675 2812 1708 2844 et
1723 2810 1853 2853 sapiens
1871 2809 1960 2843 solus
1973 2810 2024 2843 cst
2035 2818 2092 2842 rex
2107 2810 2141 2842 ct
2153 2808 2320 2851 prinecps.

151 2876 248 2921 regni„
270 2875 456 2920 occupandi
485 2875 648 2909 attulisse.
695 2874 749 2908 Sic
776 2874 876 2917 igitur
893 2873 1064 2915 carystius
1083 2875 1206 2915 Perga·
1267 2871 1321 2904 lex
1340 2881 1444 2913 quum
1459 2871 1502 2904 sit
1518 2874 1609 2905 recta
1627 2871 1711 2904 ratio
1724 2897 1732 2913 ‚
1753 2871 1840 2904 bona
1858 2870 1970 2904 suerit.
2016 2872 2099 2908 Quoe
2117 2868 2251 2911 quidem
2275 2868 2321 2901 ita

151 2941 270 2979 meiius
283 2933 319 2968 in
345 2934 588 2967 commentariis
610 2932 776 2967 historicis
793 2933 909 2966 scribit
928 2946 936 2965 ;
957 2945 972 2962 κ
984 2941 1088 2975 quum
1107 2934 1207 2975 Speu-
1269 2940 1305 2965 se
1323 2931 1456 2965 habent.

153 2993 268 3038 simus
279 2993 470 3036 Philippum
482 2992 612 3027 Platoni
622 2993 810 3027 obtrectare
825 2992 1020 3034 audivisset,
1034 2992 1100 3026 tale
1112 2993 1204 3035 quid,
1314 2993 1382 3024 194.
1403 2991 1446 3024 Et
1461 2991 1681 3034 speusippus,
1699 2989 1843 3025 Platonis
1859 2998 1900 3023 ex
1914 2997 2027 3022 sorore
2049 2996 2149 3030 nepos
2162 3012 2169 3027 ‚
2185 2987 2231 3019 ait
2244 2985 2324 3019 bea·

153 3051 250 3096 quat
266 3053 496 3096 ignorantibus
512 3053 700 3087 hominibus
723 3053 917 3096 Philippum
939 3052 1089 3086 Platonis
1113 3052 1208 3086 bene·
1268 3050 1443 3084 titudinem
1463 3060 1536 3085 esse
1551 3052 1682 3094 plenam
1710 3059 1826 3084 eorum
1847 3058 1925 3092 quae
1947 3049 2077 3082 naturae
2103 3049 2322 3080 consentanea

153 3111 228 3146 flcio
250 3112 294 3147 ad
318 3121 456 3156 regnum
478 3113 689 3155 pervenisse,
718 3113 754 3146 in
778 3112 918 3155 epistola
949 3112 1090 3155 scripsit.
1114 3111 1208 3145 Plato
1269 3111 1347 3144 sunt
1362 3110 1578 3153 cognitionem
1591 3136 1599 3152 ‚
1620 3111 1680 3144 aut
1699 3109 1852 3143 habitum
1881 3109 2063 3147 bonor-unu
2081 3115 2180 3148 quem
2198 3106 2323 3138 statum

154 3170 241 3206 enim
255 3171 468 3215 .Euphroeum
493 3171 665 3206 Oritanum
692 3172 735 3205 ad
754 3172 947 3205 Perdiccam
971 3171 1079 3212 misit,
1100 3171 1159 3214 qui
1177 3172 1206 3204 ci
1269 3179 1384 3204 omnes
1403 3171 1536 3212 quidem
1556 3170 1707 3204 homines
1734 3171 1887 3212 appetere
1900 3193 1908 3208 ‚
1928 3167 2063 3201 tendere
2082 3167 2193 3199 autem
2220 3163 2323 3196 bonos

152 3230 328 3275 persuasit,
357 3232 397 3264 nt
427 3230 595 3274 regionem
625 3230 792 3273 quandam
826 3229 979 3272 Philippo
1012 3228 1204 3272 assignaret.
1269 3228 1313 3262 ad
1328 3228 1488 3262 molestiae
1506 3228 1717 3262 vacuitatem.
1763 3227 1912 3260 Virtutes
1930 3234 2009 3259 vero
2030 3224 2218 3258 felicitatem
2238 3221 2322 3253 etse-

153 3289 333 3333 Quiquum
352 3289 398 3324 ibi
412 3290 598 3324 exercitum
617 3290 771 3332 aluisset,
790 3292 865 3332 post
887 3288 1057 3322 Perdiccae
1076 3287 1204 3322 obitum
1270 3288 1384 3322 cei-int.

39 3339 41 3341 ¹
85 3355 87 3357 “
153 3349 255 3393 copiis
271 3349 394 3392 paratis
408 3359 520 3383 rerum
535 3350 658 3393 potitus
686 3351 748 3383 est.
766 3362 782 3379 »
820 3349 918 3387 Quod
940 3357 1042 3390 quam
1057 3355 1135 3382 vere
1153 3349 1203 3382 di·
1316 3350 1384 3381 195.
1417 3346 1624 3381 Probabilius
1652 3348 1763 3380 autem
1786 3347 1827 3379 de
1853 3355 1891 3379 co
1916 3342 2112 3386 Pythagorei
2131 3341 2239 3374 dicere
2267 3340 2317 3371 vi-

155 3409 245 3442 ctum
260 3409 315 3450 sit,
330 3408 412 3442 deus
430 3409 572 3443 noverit.
1269 3406 1399 3449 dentur,
1413 3417 1517 3450 quum
1537 3416 1639 3440 unum
1652 3407 1686 3440 in
1697 3407 1855 3439 bonorum
1872 3414 2008 3437 numero
2029 3403 2207 3446 reponantz
2230 3408 2316 3442 quos

201 3467 270 3499 19³.
291 3465 490 3510 Speusippus
506 3468 594 3501 enim
609 3467 643 3500 in
663 3467 769 3510 primo
786 3467 946 3501 adversus
971 3466 1206 3510 Cleophontcm
1269 3468 1302 3500 ct
1316 3468 1517 3510 Speusippus
1530 3467 1661 3500 videtur
1679 3474 1750 3500 esse
1766 3467 1908 3499 secutus.
1984 3462 1986 3464 ’
2239 3462 2242 3465 “
