2528 3788
138 322 182 383 ᾖξ’
193 327 413 382 ιἚιίῦιήμζου,
434 329 481 374 ὥς
501 327 637 382 εἴρηται
659 329 840 383 πρότερον,
857 328 897 368 τὸ
914 327 1075 376 ἀκίνητον
1092 330 1137 372 ὥς
1153 328 1189 369 ἓν

150 431 170 439 (7
224 383 318 441 &stipi
331 386 439 428 τόπου
457 387 663 463 ἀξιωμάτων
682 390 960 442 προειληφότων.
980 388 1088 428 Idem
1117 389 1186 430 fol.

223 440 239 489 ἶ
255 446 298 488 Β.
314 447 405 488 ἀλλὰ
420 448 490 500 μὴν
504 447 611 486 καὶτὸ
623 449 786 496 ἀκίνητον
801 443 888 488 εἶναι
903 449 962 488 τὸν
973 448 1076 488 τόπον
1091 451 1109 487 6
1127 448 1190 500 μὲν

196 520 368 561 patroc
389 507 451 547 καὶ
482 507 680 559 Εὔδημος(
662 524 707 552 ως
726 507 865 557 ἀξίωμα
892 506 952 546 καὶ
976 507 1059 547 αὐτὸ
1083 523 1191 561 προσ-

175 560 384 607 Ἑᾶνουσιν
406 567 501 622 (leg.
528 568 625 606 αὐτοὶ
641 566 986 619 προλαμὸἄνουσιν),
1009 570 1026 606 6
1047 567 1082 606 63
1102 567 1193 618 Ἀρι-

194 625 309 676 ’έλης
321 629 372 682 τῷ
384 630 520 681 ὁρισμῷ
530 625 739 680 προστίθησι
753 625 874 677 λέγων·
889 624 979 664 ὥστε
997 626 1037 665 τὸ
1053 629 1115 665 τοῦ
1129 642 1191 665 πε-

211 701 316 740 ουτος
339 685 445 740 πέρας
456 688 593 739 πρῶτον
616 684 790 733 ἀκίνητον,
810 687 904 723 τοῦτ’
925 685 1019 724 ἔστιν
1034 687 1051 724 6
1069 684 1186 730 τόπος.

106 742 191 788 ef
211 753 420 818 p.2'12.a.
446 744 537 798 20.)

110 819 114 843 ÷
235 797 342 846 ,Ὧι
357 805 421 857 μὲν
437 800 495 844 ουν
516 801 656 854 σώματι
671 801 746 841 ἔστι
764 817 798 841 τι
825 801 927 847 ἐκτὸς
943 805 1048 852 σῶμα
1066 803 1189 855 περιέ-

221 864 328 914 αὓτό,
347 864 452 904 τοῦτό
469 864 596 903 ἐστιν’
581 877 616 902 εν
631 862 748 916 τόπῳ,
769 865 798 915 ᾡ
821 861 856 900 δὲ
879 861 954 936 μή,
973 861 1026 902 οὔ.
1047 863 1111 901 Διὸ
1125 863 1189 901 κᾶν

279 922 400 972 ένηται
414 926 577 970 τοιοῦτο,
598 920 643 959 τὰ
664 922 728 972 μὲν
749 921 855 975 μόρια
875 921 1057 969 κινήσεται
1079 923 1186 960 αὐτοῦ

225 975 236 994 ³
287 998 364 1022 εται
383 981 451 1035 γὰρ
467 982 526 1020 ὗπ’
542 979 739 1031 ἀλλήλων),
758 981 798 1020 τὸ
818 979 853 1018 δὲ
871 986 942 1018 πᾶν
962 979 1036 1018 ἔστι
1058 978 1122 1031 μὲν
1142 983 1189 1025 ὡς

187 1055 194 1065 ”
224 1040 321 1090 ἰπαι
330 1041 471 1082 ἔστιδ’ε
452 1058 497 1087 ως
507 1040 561 1081 06.
578 1038 643 1084 Ὡς
653 1039 716 1091 μὲν
730 1039 797 1094 γὰρ
814 1038 907 1090 ὅλον,
924 1038 1000 1089 ἅμα
1011 1039 1066 1079 τὸν
1082 1039 1187 1078 τόπον

238 1100 424 1152 τοὸάλλιι,
437 1099 558 1155 κύκλῳ
570 1099 605 1139 δὲ
618 1099 809 1148 κινήσεται·
821 1100 890 1137 τῶν
906 1099 1035 1151 μορίων
1052 1098 1118 1150 γὰρ
1129 1093 1168 1137 ου

226 1162 350 1206 τόπος·
360 1161 421 1201 καὶ
432 1161 504 1201 ἅνω
519 1140 582 1214 μ’ὲν
592 1162 653 1202 καὶ
663 1161 760 1200 κάτω
773 1158 827 1209 οὔ,
844 1158 962 1212 κύκλῳ
978 1160 1010 1198 δ’
1029 1158 1115 1199 ἔνια.
1127 1159 1183 1199 Τὰ

177 1221 253 1262 “nid
268 1221 342 1263 ἄνω
360 1220 422 1261 καὶ
434 1221 544 1270 κάτω,
558 1221 659 1262 ὅσα”
641 1237 714 1274 εχει
730 1219 906 1259 πύκνωσιν
928 1220 988 1257 καὶ
1012 1219 1183 1270 μάνωσιν,

73 1271 284 1336 ἢΨΩινιτερ
298 1280 329 1321 δ’
347 1281 487 1335 ἐλέχθη,
501 1281 548 1320 τὰ
561 1282 623 1333 μέν
646 1284 738 1321 ἐστιν
757 1281 791 1318 ἐν
803 1279 900 1332 τόπῳ
912 1278 1004 1317 κατὰ
1025 1279 1184 1330 δύναμιν,

94 1336 227 1381 ’ἒᾶδέ
239 1341 319 1380 κατ’
334 1341 523 1394 ἐνέργειαν.
542 1341 604 1382 Διὸ
612 1341 694 1380 ὅταν
710 1339 772 1391 μὲν
786 1337 925 1392 συνεχὲς
937 1332 1006 1391 ᾐτὸ
1023 1340 1187 1390 ὁμοιομε-

94 1400 98 1402 ’
93 1401 217 1470 μς,
235 1399 328 1440 κατὰ
344 1400 518 1450 δύναμιν’
502 1417 537 1439 εν
550 1402 649 1454 τόπῳ
669 1399 711 1438 τὰ
732 1398 827 1473 μέρη
834 1429 844 1447 ,
859 1397 944 1436 ὅταν
965 1397 1001 1436 δὲ
1024 1401 1184 1451 χῳρισθῇ

185 1474 204 1498 ν
217 1441 488 1509 ,dit-mtoet6ff
462 1475 582 1513 ωσπερ
599 1460 727 1514 σωρός,
749 1459 827 1498 κατ’
848 1457 1036 1511 ἐνέργειαν.
1057 1456 1128 1496 Καὶ
1142 1457 1187 1496 τὰ

91 1531 203 1600 ἒμεν
222 1518 300 1559 καθ’
321 1517 434 1567 moed,
459 1511 531 1558 οἷον
553 1525 623 1562 πᾶν
644 1522 747 1569 σῶμα
776 1517 799 1565 η
819 1510 911 1556 κατὰ
931 1516 1044 1570 φορὰν
1063 1515 1085 1563 ἢ
1106 1519 1184 1555 κατ’

92 1573 282 1627 ιᾳῦξησιν
299 1577 440 1626 κινητὸν
460 1579 543 1616 καθ’
559 1577 645 1618 αὑτό
662 1593 759 1627 που,
782 1578 800 1614 6
825 1577 854 1614 6'
877 1575 1041 1628 οὐρανός,
1065 1574 1186 1627 ωσπερ

117 1652 126 1658 “
143 1646 146 1649 ’
166 1661 194 1682 ··;-
209 1635 349 1686 ται,οὕ
369 1652 437 1677 που
458 1637 535 1681 ὅλος
557 1638 630 1677 066'
657 1637 693 1676 ἔν
725 1651 792 1688 τινι
822 1634 921 1688 τόπῳ
950 1634 1068 1682 ἐστίν,
1094 1633 1185 1686 εἴγε

202 1708 205 1712 ’
227 1712 249 1739 ν
283 1695 386 1736 αὐτὸν
416 1696 574 1750 περιέχει
607 1699 726 1747 σῶμα.
784 1695 865 1749 ”Εφ
881 1698 909 1748 ᾧ
942 1694 978 1733 δὲ
1012 1699 1182 1743 κινεῖται,

266 1755 329 1796 καὶ
345 1754 451 1800 τόπος
482 1756 559 1796 ἐστὶ
583 1772 655 1800 τοις
683 1754 824 1808 μορίοις·
847 1754 962 1807 ἕτερον
981 1752 1050 1805 γὰρ
1069 1753 1185 1806 ἑτέρου

180 1814 305 1868 ἄξεινον
323 1829 393 1854 των
410 1814 540 1869 μορίων
569 1814 676 1855 ἐστίν.
735 1814 794 1854 Τὰ
820 1813 856 1853 δὲ
884 1812 976 1853 κατὰ
1002 1812 1185 1886 συμοεὸη-

110 1901 124 1917 ,ν
224 1866 307 1915 ὀἷον
336 1876 361 1922 ἡ
381 1873 478 1929 ψυχὴ
507 1874 568 1915 καὶ
594 1877 613 1913 6
627 1873 798 1946 mo6potxe6c
829 1872 876 1912 τὰ
905 1871 973 1925 γὰρ
1011 1871 1119 1924 μόρια
1147 1873 1183 1911 ἐν

234 1949 335 1985 ,πως
368 1934 495 1986 πάντα·
516 1934 574 1973 ἐπὶ
603 1936 653 1988 τῷ
672 1933 791 1986 κύκλῳ
827 1931 894 1985 γὰρ
914 1931 1070 1985 περιέχει
1099 1930 1185 1969 ἄλλο

226 1988 281 2034 .ιῖ
290 1993 356 2033 Διὸ
370 1995 517 2035 κινεῖται
539 1993 601 2043 μὲν
617 1992 742 2045 κύκλῳ
761 1992 801 2030 τὸ
821 1991 911 2037 ἄνω,
931 1990 971 2029 τὸ
998 1990 1034 2029 δὲ
1053 2006 1124 2028 παν
1145 1989 1183 2029 οὔ

187 2054 219 2067 ’“
208 2053 308 2095 Τὸ
323 2052 393 2107 γάρ
411 2068 479 2093 που
492 2052 577 2094 αὖτό
598 2054 630 2092 τ’
655 2052 730 2092 ἐστί
744 2067 800 2102 τι,
819 2051 879 2090 καὶ
897 2051 948 2091 ἔτι
969 2050 1055 2089 ἄλλο
1074 2065 1111 2089 τι
1134 2051 1184 2089 δεῖ

86 2145 92 2155 .
107 2108 117 2121 ”
124 2103 227 2157 εἴναι
241 2112 343 2166 παρὰ
359 2116 463 2153 τοῦτο
483 2107 567 2153 ἐνῗ
541 2129 571 2166 ῳ
589 2113 609 2151 ὃ
613 2112 794 2184 περιέχει·
810 2111 907 2163 παρὰ
925 2110 961 2150 63
978 2111 1016 2149 τὸ
1031 2116 1101 2150 πᾶν
1121 2126 1182 2149 και

122 2162 216 2217 Qov
245 2171 341 2217 οὐδέν
363 2173 457 2211 ἐστιν
486 2170 554 2217 ἔξω
573 2186 637 2210 του
670 2169 824 2218 παντός,
846 2169 907 2208 καὶ
940 2168 997 2207 διὰ
1030 2173 1130 2208 τοῦτο
1149 2170 1184 2206 ἐν

66 2222 86 2263 ἶ·’
123 2233 191 2285 τῷ
208 2231 345 2285 οὗρανιῗι
361 2229 490 2270 πάντα·
511 2232 530 2269 6
548 2229 616 2282 γὰρ
635 2228 778 2281 οὐρανὸς
802 2229 842 2268 τὸ
863 2235 932 2268 πᾶν
957 2226 1054 2271 ἴσως.
1076 2223 1182 2266 Ἔστι

125 2289 174 2331 δ’
184 2293 207 2330 ὃ
226 2288 332 2335 τόπος
344 2290 414 2342 οὔχ
432 2291 450 2328 6
469 2289 613 2342 οὐρανός
625 2318 637 2337 ,
660 2286 752 2327 ἀλλὰ
778 2291 839 2326 τοῦ
866 2290 1010 2340 οὐρανοῦ
1030 2302 1065 2324 τι
1089 2285 1130 2325 τὸ
1145 2285 1183 2323 ἔ-

74 2380 78 2387 ,
126 2374 130 2379 ›
158 2359 267 2412 *um
295 2347 358 2390 καὶ
383 2347 583 2400 ἁπτόμενον
612 2351 674 2386 τοῦ
704 2363 844 2396 κινητου
879 2346 1044 2396 σώματος
1075 2346 1186 2400 πέρας

244 2411 300 2448 ΰν.
359 2407 431 2449 Καὶ
471 2408 530 2447 διὰ
557 2423 659 2447 τουτο
692 2411 714 2456 ἡ
743 2408 806 2458 μὲν
839 2410 885 2459 γῆ
922 2408 957 2445 ἐν
989 2408 1039 2458 τῷ
1065 2405 1186 2458 ὕδατι,

123 651 211 697 ΨτῑΓῙ

1058 237 1398 280 FRAGMENTA.

2224 244 2305 285 245

1252 332 1355 370 τοῦτο
1374 329 1407 368 δ’
1426 331 1463 370 ἐν
1476 331 1528 382 τῷ
1550 329 1639 383 ἀέρι,
1655 325 1752 375 οὗτος
1771 332 1801 369 δ’
1825 333 1860 370 ἐν
1881 334 1932 385 τῷ
1948 332 2083 386 αἰθέρι,
2102 334 2121 371 6
2141 333 2173 371 6’
2200 332 2304 385 αἰθὴρ

1254 392 1287 429 ἐν
1306 391 1358 442 τῷ
1380 390 1533 442 οὖρανῷ,
1554 394 1572 428 6
1591 391 1620 428 6'
1641 390 1785 442 οὐρανὸς
1801 392 1914 430 οὐκέτι
1928 394 1962 430 ἐν
1987 394 2098 445 ἄλλῳ.

1308 447 1559 501 (Aristoteles
1583 449 1703 500 Phys.
1735 449 1806 488 lib.
1838 449 1904 498 lV,
1933 464 2016 502 cap.
2048 452 2070 490 5
2101 466 2141 504 p.
2165 465 2253 490 212.
2272 466 2305 492 a.

1255 509 1301 546 31
1347 508 1410 547 ed.
1447 508 1609 547 Bekker.
1650 510 1876 561 Simplicius
1916 510 1982 550 fol.
2029 512 2114 552 138.
2146 511 2188 551 b.
2228 512 2302 562 (cf.
2330 534 2332 536 v

1254 566 1397 605 Scholl.
1420 566 1458 604 in
1491 567 1608 607 Arist.
1632 582 1671 619 p.
1695 569 1783 619 379.
1813 582 1847 607 a.
1872 569 1931 606 ed.
1957 569 2144 622 Brandis)
2166 570 2301 616 πολλὴν

1254 625 1289 664 δὲ
1311 625 1483 679 ἀσάφειαν
1514 629 1584 670 τοῖς
1615 627 1855 679 προκειμένοις
1875 627 2020 674 ἐποίησε
2053 628 2092 668 τὸ
2121 627 2205 667 ποτὲ
2238 627 2302 679 μὲν

1254 685 1294 724 τὸ
1313 691 1406 732 πᾶν,
1430 684 1514 724 ποτὲ
1540 685 1575 724 δὲ
1597 685 1656 724 τὸν
1678 685 1823 738 οὐρανὸν
1844 686 2026 736 ὀνομάζειν
2035 716 2046 734 ,
2079 686 2139 725 καὶ
2167 685 2304 736 μήποτε

1236 746 1332 798 ’περὶ
1350 747 1478 800 ἀμφοῖν
1498 747 1648 785 ποιεῖται
1668 745 1725 784 τὸν
1746 746 1849 797 λόγον
1872 747 1919 789 ὡς
1939 745 1999 784 ἕνα
2018 746 2075 784 τὸν
2096 746 2174 785 ὅλον
2196 748 2305 799 οὖρα·

1251 805 1306 843 νὸν
1328 805 1645 871 παραλαμβάνων,
1663 805 1724 844 καὶ
1746 806 1803 844 διὰ
1827 805 1892 852 τὴν
1915 805 2024 853 αὐτὴν
2043 805 2181 854 αἰτίαν,
2213 804 2306 878 (ρημὶ

1251 862 1294 910 δὴ
1315 864 1370 925 626
1393 873 1431 901 το
1455 863 1504 934 μὴ
1524 864 1746 916 περιέχεσθαι
1775 864 1843 902 ὑπό
1865 879 1978 915 τινος,
2015 864 2144 914 ὁμοίως
2168 879 2229 903 και
2266 863 2306 904 τὸ

1250 929 1321 961 πᾶν
1344 919 1403 961 καὶ
1432 922 1490 960 τὸν
1508 923 1656 974 οὐρανὸν
1691 922 1801 973 λέγων
1825 922 1874 972 μὴ
1895 926 1984 961 εἶναι
2007 925 2043 961 ἐν
2066 924 2179 977 τόπω.
2205 922 2252 963 ‘O
2268 923 2305 964 63

1252 981 1413 1058 Εὔδημος
1431 982 1472 1020 τὸ
1494 982 1557 1034 μὲν
1578 989 1647 1020 πᾶν
1674 981 1752 1021 οὐδὲ
1772 982 1960 1031 ὀνομάζει,
1983 983 2040 1021 ἐπὶ
2069 983 2104 1022 63
2124 987 2182 1022 τοῦ
2203 985 2304 1036 οὖρα-

1250 1047 1343 1081 νοῧ
1325 1042 1388 1089 τὴν
1410 1042 1554 1090 ζήτησιν
1572 1048 1725 1082 ποιεῖται
1744 1046 1804 1080 τοῦ
1821 1041 1902 1080 ὅλου
1918 1042 1977 1080 καὶ
1996 1043 2098 1087 αὐτὸς
2120 1046 2166 1088 ὡς
2188 1037 2302 1118 οιμαι,

1250 1100 1392 1154 γράφων
1419 1099 1548 1149 οὕτως,
1577 1100 1685 1139 εἷπων
1701 1099 1754 1139 ὅτι
1775 1104 1837 1139 τοῦ
1859 1100 2081 1154 περιέχοντος
2097 1107 2119 1156 ᾖ
2139 1105 2302 1158 περιέχον

1248 1160 1356 1215 πέρας
1376 1163 1394 1199 6
1410 1160 1515 1204 τόπος
1536 1160 1577 1199 ἂν
1604 1159 1658 1209 εἴη
1679 1159 1844 1208 ἀκινήτου
1871 1159 1990 1212 ὄντος,
2014 1162 2206 1214 ἐπήγαγεν·
2228 1182 2243 1199 «
2265 1165 2304 1203 τὸ

1250 1220 1319 1274 γὰρ
1342 1220 1543 1271 κινούμενον
1583 1221 1770 1272 ἀγγειῶδες
1801 1219 1862 1258 καὶ
1885 1219 1940 1258 διὰ
1960 1226 2062 1260 τοῦτο
2095 1224 2164 1260 τῶν
2185 1222 2303 1262 τόπων

1250 1278 1313 1326 τὴν
1336 1279 1512 1333 ἀναφορὰν
1533 1279 1617 1333 πρὸς
1641 1279 1701 1318 τὸν
1727 1278 1871 1332 οὐρανὸν
1892 1279 2095 1330 ποιούμεθα·
2117 1276 2216 1326 οὗτος
2234 1282 2301 1335 γὰρ

1249 1342 1287 1379 06
1312 1340 1548 1391 μεταλλάσσει
1567 1339 1673 1379 τόπον
1691 1339 1819 1390 ἄλλον,
1845 1339 1922 1378 ἀλλ’
1941 1339 2038 1393 εἴπερ
2065 1339 2158 1379 κατὰ
2181 1342 2303 1393 μόρια·

1250 1402 1285 1439 ἐν
1302 1402 1351 1453 τῷ
1371 1401 1465 1452 αὐτῷ
1484 1399 1551 1452 γὰρ
1571 1404 1592 1446 ἡ
1611 1397 1797 1452 περιφορά.
1845 1399 1960 1442 Αὐτὸς
1982 1399 2018 1438 δὲ
2041 1399 2192 1454 πότερόν
2209 1401 2303 1440 ἐστιν

1251 1462 1283 1499 ἐν
1304 1460 1401 1512 τόπῳ
1424 1458 1444 1506 ἢ
1466 1461 1528 1498 οὐκ
1550 1457 1642 1497 ἔστιν
1670 1458 1693 1505 ἢ
1714 1460 1787 1501 πῶς
1818 1458 2009 1511 ἑκοῖτερον;
2041 1457 2119 1502 ὅλος
2141 1458 2204 1510 μὲν
2234 1459 2303 1513 γὰρ

1248 1522 1311 1560 οὐκ
1334 1520 1426 1560 ἔστιν
1448 1522 1481 1558 ἐν
1501 1520 1598 1573 τόπῳ
1612 1550 1622 1567 ,
1642 1520 1671 1558 εἷ
1692 1518 1741 1570 μὴ
1763 1517 1837 1557 ἔστι
1866 1534 1899 1556 τι
1919 1516 2027 1562 ἐκτός·
2061 1519 2152 1557 οὕτω
2171 1520 2239 1573 γὰρ
2261 1519 2303 1558 ἂν

1248 1579 1459 1634 περιέχοιτο.
1482 1580 1636 1619 Τοῦτο
1616 1578 1652 1617 03
1674 1577 1954 1631 ἐπισκεψόμεθα.
1976 1577 2033 1618 Τὰ
2054 1578 2127 1617 δὲ”
2105 1595 2217 1632 αστρα
2240 1579 2301 1618 καὶ

1247 1638 1344 1678 ὅσα’
1330 1638 1422 1682 εντὸς
1433 1654 1493 1677 του
1511 1637 1684 1683 ε’ξωτοῖτου
1704 1637 1868 1688 σώματος
1888 1640 1923 1676 ἐν
1944 1640 1994 1676 τῶ
2018 1637 2151 1676 ἐκείνου
2173 1637 2301 1691 πέρατί

1248 1699 1340 1735 ἐστιν
1367 1701 1390 1748 ᾑ
1413 1697 1573 1749 περιέχον
1599 1695 1684 1735 ἐστί·
1705 1695 1749 1734 τὰ
1779 1694 1813 1734 δὲ
1847 1696 1958 1742 οὕτως
1991 1696 2026 1736 ἔν
2055 1713 2122 1735 τινι
2146 1699 2180 1735 ἐν
2204 1697 2303 1751 τόπω

1250 1755 1362 1802 ἐστίν,
1381 1757 1416 1793 ἐν
1433 1759 1461 1808 ῳ
1481 1754 1516 1793 δὲ
1538 1755 1582 1793 τὰ
1598 1754 1724 1807 μόρια,
1742 1755 1781 1793 τὸ
1798 1754 1877 1793 δ’λον
1896 1755 2044 1806 λέγομεν
2063 1758 2166 1794 εἶναι.
2195 1737 2302 1796 Οὕτω

1249 1815 1292 1867 μὲ
1295 1831 1312 1853 ν
1333 1809 1392 1854 06v
1414 1813 1467 1862 εἴη
1493 1815 1534 1852 ἂν
1554 1815 1588 1853 ἐν
1607 1814 1719 1852 τόπω-
1749 1812 1823 1852 ἔστι
1854 1813 1966 1852 δὲκαὶ
1983 1813 2098 1858 ἄλλως
2113 1831 2194 1854 που.
2230 1815 2297 1857 Ἐν

1248 1875 1317 1918 τοῖς
1329 1873 1460 1927 μορίοις
1479 1874 1547 1927 γάρ
1562 1875 1635 1914 ἐστι
1651 1873 1689 1911 τὸ
1704 1872 1798 1921 ὅλον,
1815 1875 2003 1925 πολλαχως
2019 1873 2054 1912 δε
2073 1874 2110 1912 τὸ
2130 1875 2246 1913 πού.»
2263 1877 2299 1915 ἐν

1249 1936 1298 1978 οἱς
1313 1932 1412 1972 >totid
1393 1949 1486 1977 οπως
1501 1932 1593 1972 κατὰ
1613 1932 1838 1983 συμὸεὸηκὸς
1857 1935 1874 1971 6
1894 1932 1972 1978 ὅλος
1991 1933 2133 1985 οὐρανὸς
2148 1935 2182 1972 ἐν
2204 1934 2301 1989 τόπῳ

1249 1987 1620 2033 εἶπεν.Τ1ιοηιίεῑὶιιε
1641 1993 1708 2031 fol.
1743 1997 1791 2036 [ιο
1827 1991 1907 2044 (cf.
1932 1993 2080 2033 Scholl.
2108 1995 2149 2033 in
2175 2000 2232 2033 A1
2235 2005 2298 2036 ist

1248 2068 1289 2106 p.
1312 2054 1405 2128 378.
1427 2067 1462 2092 a.
1500 2054 1563 2094 ed.
1594 2052 1783 2103 Brundis)
1817 2055 1845 2090 ὼ
1877 2051 1940 2102 μὲν
1972 2047 2030 2091 οῧν
2058 2052 2199 2126 σώματί
2229 2055 2303 2093 ἔστι

1249 2115 1353 2164 σῶμα
1374 2113 1470 2158 ἐκτὸς
1501 2112 1664 2165 περιέχον
1683 2111 1791 2159 αὐτό,
1823 2111 1928 2150 τοῦτό
1958 2113 2051 2151 ἔστιν
2074 2114 2108 2150 ἐν
2135 2112 2245 2151 τόπω·
2272 2107 2302 2167 ᾧ

1249 2172 1284 2210 δὲ
1300 2171 1369 2221 μή,
1388 2170 1441 2210 06.
1468 2171 1599 2222 Διόπερ
1625 2173 1647 2217 ἡ
1675 2170 1737 2221 μὲν
1756 2186 1801 2223 γη
1832 2169 1945 2209 καίτοι
1975 2171 2127 2221 μένουσοί
2151 2174 2244 2213 ἔστιν
2265 2175 2303 2213 ἐν

1248 2230 1360 2283 τόπῳ·
1381 2229 1456 2283 ἔχει
1476 2229 1545 2282 γὰρ
1577 2229 1701 2274 ἔξωθεν
1720 2230 1806 2269 ἄλλο
1836 2232 1938 2279 σῶμα
1961 2234 1998 2268 οὓ
2021 2229 2061 2268 τὸ
2081 2247 2123 2268 πε
2110 2235 2190 2283 ’ρας
2219 2232 2303 2271 ταί·-

1249 2305 1313 2336 την
1338 2289 1525 2349 περιέχει,
1538 2287 1652 2327 οὐκέτι
1671 2287 1707 2326 δὲ
1728 2287 1767 2326 τὸ
1784 2287 1903 2340 κύκλω
1925 2288 2127 2364 κινούῃμενόν
2150 2293 2242 2329 ἐστιν
2264 2292 2299 2330 ἔν

1250 2349 1360 2387 τόπω.
1380 2350 1463 2392 Πῶς
1486 2341 1544 2386 οὖν
1562 2348 1708 2386 κινεῖται
1730 2349 1748 2385 6
1768 2349 1920 2423 06potv6qff
1939 2348 1989 2399 μὴ
2010 2365 2058 2387 ων
2082 2351 2115 2388 ἐν
2136 2349 2257 2403 τόπω;
2279 2349 2301 2397 ἢ

1249 2408 1323 2446 ἔστι
1346 2407 1407 2458 μὲν
1426 2410 1472 2451 ὡς
1489 2412 1655 2451 κινεῖται,
1680 2405 1753 2445 ἔστι
1769 2408 1839 2445 δὲε
1822 2423 1868 2451 ως
1883 2406 1941 2456 063
1962 2405 2070 2452 ιΌλος
2091 2407 2154 2459 μὲν
2173 2409 2241 2463 γὰρ
2261 2414 2300 2448 ού

68 2553 93 2583 7=
127 2526 147 2579 -Ῐ
176 2541 232 2574 4⁴.
257 2539 320 2575 uui
333 2539 432 2582 igitur
446 2539 576 2582 corpori
591 2539 642 2572 est
665 2538 800 2582 aliquod
827 2547 946 2581 corpus
965 2540 1059 2571 extra
1077 2538 1182 2570 conti-

62 2597 85 2642 {1
105 2595 217 2643 [nens
227 2599 356 2644 ipsum,
381 2596 447 2632 hoc
463 2598 499 2632 in
523 2599 594 2632 loco
619 2599 672 2632 est
690 2610 699 2629 ε
719 2598 774 2631 cui
791 2607 870 2631 vero
896 2607 961 2630 non
979 2598 1054 2639 est,
1076 2597 1183 2629 haud-

66 2647 111 2665 ””“
134 2666 314 2703 quamnam.
337 2659 546 2701 Quapropter
564 2658 663 2692 etiam
690 2658 719 2690 si
739 2667 825 2700 aqua
845 2657 944 2691 fuerit
973 2657 1182 2700 hujusmodi,

102 2711 247 2774 W
259 2715 393 2762 Quidem
409 2717 514 2760 ipsius
524 2717 746 2752 movebuntur
761 2717 994 2760 (continentur
1009 2717 1096 2750 enim
1110 2726 1129 2749 a
1148 2725 1183 2749 se

114 2760 274 2840 Qyffeem
286 2777 310 2817 )‚
330 2776 529 2810 universitas
542 2779 652 2810 autem
672 2777 769 2810 modo
789 2776 989 2817 movebitur,
1006 2776 1106 2809 modo
1119 2785 1184 2809 non

132 2830 334 2878 Webitur.
354 2836 399 2870 ut
418 2835 507 2869 enim
525 2837 650 2877 totum,
669 2836 767 2869 simul
789 2836 899 2868 locum
915 2845 980 2868 non
999 2837 1127 2877 mutat,
1150 2835 1184 2868 in

167 2876 250 2930 ’Ίιεω
275 2901 387 2931 tamen
406 2896 511 2932 fertur
537 2895 705 2938 (pallium
732 2895 819 2929 enim
846 2895 899 2928 hic
924 2895 1017 2927 locus
1039 2895 1126 2937 est),
1150 2898 1184 2928 et

132 2960 268 2990 sursum
282 2954 417 2998 «widem
430 2963 470 2988 ac
481 2955 634 2989 deorsum
647 2964 713 2988 non
730 2955 893 2994 movetur,
909 2954 1061 2998 quaedam
1074 2956 1183 2988 autem

183 3012 298 3049 &rivom
312 3011 522 3058 tbrquentur,
536 3014 608 3048 aliae
621 3023 753 3047 sursum
766 3024 806 3047 ac
820 3014 974 3047 deorsum
990 3015 1181 3055 moventur,

184 3114 207 3118 v,
250 3120 252 3122 r
273 3084 339 3118 que
366 3075 563 3110 densitatem
585 3077 619 3109 et
642 3075 814 3108 raritatem
839 3074 975 3107 habent.
1000 3076 1043 3107 Ut
1073 3076 1184 3107 autem

165 3132 188 3178 j
222 3131 231 3177 '¹
280 3137 352 3179 οτι,
379 3135 533 3178 quaedam
548 3135 581 3168 in
600 3135 672 3168 loco
697 3135 843 3177 potentia
874 3136 971 3174 sunt,
1000 3134 1064 3167 alia
1091 3134 1182 3167 actu.

135 3177 261 3229 {Itum
279 3191 383 3237 quu'm
403 3194 439 3228 id
462 3194 552 3236 quod
577 3195 628 3228 est
649 3195 805 3227 similium
832 3193 974 3236 partium
993 3191 1183 3227 continuum

111 3292 119 3303 Α
134 3239 202 3297 φὶ,
218 3254 291 3288 tum
308 3256 420 3298 partes
434 3253 580 3296 potentia
598 3255 699 3287 suut
690 3254 828 3293 1n10c03
846 3253 901 3286 sed
917 3262 1018 3294 quum
1037 3254 1115 3284 sunt
1129 3261 1180 3284 sc-

108 3301 283 3352 '‘iinfe'ttoe,
309 3311 407 3352 atque
424 3311 463 3342 ut
480 3310 512 3342 in
531 3318 650 3342 acervo
667 3309 703 3342 fit
720 3319 756 3342 se
780 3311 937 3352 tangunt,
956 3310 1028 3342 tum
1050 3309 1084 3341 in
1109 3308 1182 3342 loco

137 3367 217 3401 suut
230 3369 318 3401 netu.
338 3369 380 3402 Et
396 3377 514 3402 rursus
527 3368 588 3401 alia
605 3369 739 3410 quidem
756 3378 813 3411 per
828 3378 881 3409 se,
902 3371 939 3401 ut
952 3377 1048 3401 omne
1064 3377 1182 3410 corpus

137 3426 308 3460 auteurs-1
332 3428 391 3460 aut
405 3428 589 3461 secretione
609 3428 728 3461 mobile
750 3436 807 3470 per
825 3437 860 3461 se
880 3427 1001 3460 alieubi
1021 3429 1094 3468 cst3
1111 3436 1179 3459 crn-

136 3487 205 3522 lum
224 3487 351 3526 autem,
370 3486 457 3520 sieut
474 3486 599 3523 dictum
617 3490 668 3521 est
679 3513 688 3529 ,
702 3497 767 3521 non
782 3490 833 3521 est
849 3487 968 3520 alicubi
982 3488 1087 3520 totum
1100 3511 1109 3527 ‚
1128 3495 1182 3520 ue-

1246 2546 1311 2578 que
1328 2538 1380 2570 est
1405 2537 1474 2569 ullo
1504 2536 1538 2569 in
1570 2537 1660 2577 loco,
1692 2537 1857 2580 siquidem
1887 2537 2015 2571 nullum
2037 2547 2157 2581 corpus
2193 2522 2323 2582 ipsum*

1248 2597 1405 2630 continet.
1423 2595 1487 2629 Sed
1502 2597 1578 2637 quia
1596 2599 1761 2638 movetur,
1775 2596 1900 2629 idcirco
1913 2597 2015 2630 etiam
2035 2597 2129 2630 locus
2150 2599 2299 2641 partibus

1247 2658 1298 2689 est
1323 2669 1331 2689 ι
1361 2655 1481 2698 quippe
1507 2655 1571 2688 alia
1591 2665 1668 2698 pars
1687 2656 1740 2690 alii
1759 2656 1918 2690 adhaeret.
1941 2657 2011 2689 Alia
2025 2666 2104 2690 vero
2129 2667 2188 2700 per
2206 2659 2297 2691 acci-

1247 2717 1345 2757 dens,
1364 2717 1402 2748 ut-
1421 2716 1528 2749 anima
1546 2718 1580 2749 et
1604 2716 1735 2749 coelum.
1757 2715 1918 2749 Nimirum
1946 2718 2056 2758 partes
2077 2726 2190 2750 omnes
2211 2727 2294 2760 quo-

1245 2775 1422 2808 dammodo
1449 2775 1578 2808 suntin
1601 2775 1674 2809 loco
1707 2788 1716 2808 ι
1747 2775 1960 2808 circumcirca
1988 2776 2076 2809 enim
2107 2776 2172 2808 alia
2198 2777 2295 2809 aliam

1245 2834 1401 2868 continet.
1421 2836 1631 2878 Quapropter
1643 2844 1835 2878 supremum
1847 2835 1981 2877 quidem
1997 2845 2117 2878 corpus
2134 2836 2166 2868 in
2182 2836 2297 2868 orbem

1246 2894 1362 2934 fertur,
1385 2893 1578 2926 universum
1609 2894 1721 2927 autem
1749 2893 1870 2926 alleubi
1900 2903 1966 2926 non
1996 2894 2057 2926 est.
2083 2893 2179 2931 Quod
2210 2893 2298 2927 enim

1244 2953 1364 2987 alleubi
1376 2954 1439 2994 est,
1453 2955 1488 2985 et
1506 2953 1614 2995 ipsum
1633 2954 1684 2986 est
1698 2953 1820 2996 aliquid
1835 2979 1842 2995 ,
1865 2955 1898 2986 et
1914 2955 2075 2995 praetcrea
2091 2953 2180 2985 aliud
2201 2953 2295 2994 quid-

1244 3014 1331 3056 piam
1349 3021 1421 3046 esse
1443 3014 1573 3054 oportet
1585 3015 1706 3056 praeter
1716 3013 1780 3046 hoc
1794 3039 1801 3055 ,
1818 3013 1853 3045 in
1867 3022 1934 3054 quo
1953 3012 2008 3053 sit,
2031 3012 2120 3054 quod
2137 3012 2295 3047 continet.

1244 3075 1286 3105 At
1310 3073 1432 3115 praeter
1446 3077 1558 3105 rerum
1585 3072 1838 3106 universssatem
1857 3073 2008 3105 ettotam
2030 3072 2145 3104 mundi
2162 3080 2295 3114 compa·

1243 3141 1317 3173 gem
1338 3130 1417 3163 nihil
1437 3132 1488 3164 est
1509 3134 1619 3173 extra,
1641 3134 1675 3165 et
1696 3133 1865 3175 propterea
1892 3132 2003 3165 omnia
2031 3131 2154 3164 suntin
2174 3132 2261 3164 coelo
2282 3141 2290 3160 :

1244 3191 1383 3223 sortasse
1405 3190 1490 3223 enim
1519 3191 1637 3224 coelum
1664 3194 1715 3225 est
1740 3191 1943 3225 universum.
1966 3193 2024 3223 Est
2051 3191 2165 3225 autem
2192 3190 2289 3224 loeus

1244 3260 1309 3283 non
1335 3251 1443 3292 ipsum
1465 3250 1608 3290 coelum,
1632 3251 1689 3284 scd
1714 3251 1788 3284 coeli
1809 3251 1945 3295 quidam
1973 3250 2108 3284 ultimus
2137 3252 2170 3283 et
2198 3251 2294 3291 quie-

1244 3319 1337 3343 scens
1354 3310 1515 3344 tcrminus
1526 3336 1535 3352 ‚
1552 3311 1609 3353 qui
1633 3312 1886 3353 mobilecorpus
1901 3310 2005 3353 tangit
2021 3323 2028 3350 3
2049 3310 2188 3352 ideoque
2205 3311 2291 3341 terra

1242 3368 1275 3401 in
1290 3378 1394 3412 aqua,
1415 3369 1487 3403 haee
1509 3369 1543 3402 in
1565 3379 1661 3412 aere,
1690 3380 1746 3404 aer
1769 3370 1803 3403 in
1825 3370 1947 3403 aethere
1966 3371 2000 3403 ct
2018 3370 2125 3402 aether
2144 3369 2177 3401 in
2202 3369 2291 3401 culo

1242 3430 1292 3462 cst
1317 3428 1511 3472 collocatus,
1537 3430 1657 3464 coelum
1687 3432 1800 3464 autem
1828 3439 1894 3463 non
1911 3429 2052 3471 amplius
2077 3428 2111 3460 in
2130 3427 2194 3460 alio
2213 3435 2289 3460 cor-

1241 3497 1320 3531 pore
1335 3490 1394 3522 est.
