2528 3788
227 264 335 308 ‚188

255 364 343 400 γειν,
367 348 429 396 τὴν
461 347 493 385 δὲ
521 346 742 397 εὐδαιμονίαν
776 347 956 394 διασώζειν
979 351 1135 399 ἀσθενής.
1195 355 1286 394 Τού-

254 424 325 452 τοις
344 403 400 445 οἶν
431 422 481 450 τις
504 405 698 457 ἐντραφείς,
720 406 779 445 καὶ
807 406 939 452 τούτοις
958 410 1187 462 ἀρεσκόμενος
1218 420 1288 458 τοῖς

253 467 365 518 λόγοις
378 495 387 513 ,
402 465 477 503 τίνα
498 465 622 516 τρόπον
639 464 661 512 ἢ
679 466 778 510 αὐτὸς
794 466 979 521 συνᾴσεται
997 471 1067 512 τοῖς
1087 471 1287 521 Πλάτωνος,

254 525 273 572 ἢ
308 526 432 568 ἄλλους
457 523 540 576 πρὸς
566 523 656 562 αὐτὰ
688 524 872 578 ε’πιρῤώσει
905 527 1007 575 ποτέ;
1033 530 1086 568 Οὐ
1105 529 1172 582 γὰρ
1194 530 1286 570 ἔστιν

253 585 346 628 ὅπως
368 584 407 622 ἄν
429 582 477 628 τις
511 585 549 621 ἐκ
580 583 710 622 τούτων
746 585 948 637 ὁρμώμενος
977 587 1212 640 παραδέξαιτο
1243 589 1286 634 τὰ

252 643 446 697 Ἡράκλεια
469 642 528 681 καὶ
554 642 627 681 θεῖα
647 644 760 681 ἐκεῖνα
794 643 965 695 δόγματα·
996 647 1043 689 ὡς
1076 647 1220 700 ἰσχυρόν
1250 664 1284 687 τι

252 701 311 739 καὶ
342 700 521 751 πάγκαλον
553 704 677 752 χρῆμα
707 703 836 755 ἀρετή,
873 703 932 741 καὶ
966 703 1093 743 οὔποτε
1124 705 1285 746 ἐνδέουσα

250 761 335 812 πρὸς
357 759 598 810 εὐδαιμονίαν,
632 760 710 799 οὔτε
755 762 837 800 ποτὲ
873 763 980 808 αὐτὴν
1032 765 1283 817 ἀφαιρουμένη·

252 820 340 860 ἀλλὰ
364 820 428 858 κᾶν
453 820 574 867 πενία,
596 819 663 859 κᾶν
683 820 799 869 νόσος,
825 820 889 859 κᾶν
922 821 1062 872 ἀδοξία,
1081 822 1145 862 κᾶν
1179 824 1285 863 πίττα

250 879 309 918 καὶ
341 879 504 932 σταυρός,
527 878 591 917 κᾶν
627 879 670 918 τὰ
694 881 733 918 ἐκ
754 883 816 927 τῆς
838 879 1033 934 τραγῳδίας
1063 880 1138 932 ἅμα
1169 883 1284 922 πάντα

251 940 414 992 ἐπιρρυῇ,
443 938 494 977 ἔτι
513 941 530 977 ὁ
551 938 682 983 δίκαιος
701 938 876 989 εὐδαίμων
901 939 960 978 καὶ
977 939 1161 991 μακάριος.
1182 942 1286 981 Ἐπι-

252 997 434 1048 κηρυκεύει
462 1000 543 1048 γοῦν
577 997 666 1044 αὐτὴ
687 1003 705 1027 Ρ
738 1001 786 1044 τῷ
815 999 1135 1052 μεγαλοφωνοτάτῳ
1158 1000 1285 1052 κηρύγ-

253 1071 350 1106 ματι,
371 1063 389 1087 ‘¹
406 1056 563 1107 καθάπερ
582 1056 734 1104 ἀθλητήν
756 1073 834 1095 τινα
859 1057 1059 1110 νικηφόρον,
1079 1057 1137 1096 τὸν
1155 1058 1284 1097 δικαιό-

251 1131 352 1154 τατον
368 1146 377 1163 ,
399 1115 452 1154 ὅτι
485 1109 582 1157 οῧτός
611 1116 701 1153 ἐστιν
735 1115 1042 1165 εὐδαιμονέστατος
1056 1147 1066 1167 ,
1087 1118 1104 1154 ὃ
1126 1116 1159 1161 ἐξ
1181 1118 1285 1163 αὐτῆς

249 1178 310 1222 τῆς
331 1174 546 1221 δικαιοσύνης
578 1174 635 1212 τὸν
665 1174 797 1225 καρπὸν
817 1177 876 1221 τῆς
899 1174 1119 1225 εὐδαιμονίας
1148 1175 1278 1226 δρεπό-

249 1249 364 1283 μενος.
440 1233 574 1287 Διαίρει
608 1232 719 1271 τοίνυν
740 1262 751 1284 ,
790 1235 819 1271 εἷ
859 1233 995 1284 βούλει,
1032 1233 1093 1271 καὶ
1127 1232 1284 1272 ποίκιλλε

247 1293 350 1344 τριχῆ
377 1290 436 1329 καὶ
456 1294 610 1342 τετραχῆ
632 1290 691 1328 καὶ
707 1292 870 1342 πολλαχῆ
896 1290 938 1328 τὰ
971 1290 1084 1342 ἀγαθὰ
1118 1291 1281 1329 διαστελ-

247 1343 403 1400 λόμενος.
463 1351 573 1389 Οὐδὲν
605 1351 672 1401 γὰρ
705 1355 814 1389 ταῦτα
852 1350 936 1402 πρὸς
966 1350 1004 1388 τὸ
1042 1350 1280 1403 προκείμενον.

245 1410 299 1448 Οὐ
321 1410 361 1457 δή
383 1408 458 1448 ποθ’
478 1412 570 1458 ἡμᾶς
607 1409 650 1446 δι’
681 1409 791 1446 αὐτῶν
821 1407 1001 1461 προσάξεις
1020 1411 1069 1460 τῷ
1101 1409 1280 1449 Πλάτωνι.

246 1469 293 1508 Τί
313 1467 379 1519 γὰρ
399 1469 428 1505 εἰ
448 1469 515 1504 τῶν
537 1469 699 1517 ἀγαθῶν,
716 1469 760 1509 ὥς
782 1465 868 1518 φῄς,
887 1466 930 1504 τὰ
953 1466 1014 1517 μὲν
1039 1466 1151 1517 τίμια,
1173 1467 1282 1505 καθά-

247 1544 310 1578 περ
336 1528 367 1564 oi
384 1526 464 1564 θεοί·
482 1525 524 1564 τὰ
545 1525 581 1563 δὲ
610 1524 773 1565 ἐπαινετά
789 1554 799 1572 ‚
822 1527 867 1568 ὡς
886 1528 920 1563 αἱ
943 1525 1074 1577 ἀρεταί·
1097 1525 1139 1563 τὰ
1160 1526 1196 1563 δὲ
1222 1528 1281 1564 δυ-

245 1587 386 1636 νάμεις,
407 1587 452 1628 ὡς
473 1587 619 1627 πλοῦτος
638 1583 696 1621 καὶ
723 1583 831 1636 ἰσχύς·
853 1582 896 1620 τὰ
917 1582 951 1620 δὲ
973 1583 1155 1637 ὠφέλιμα,
1177 1587 1223 1629 ὡς
1247 1587 1279 1623 αἱ

246 1649 448 1696 θεραπεῖαι;
471 1642 504 1681 τί
533 1641 562 1680 δ’
585 1643 614 1679 εἰ
631 1645 742 1679 ταῦτα
761 1642 920 1685 ἐλάττονι
939 1641 1105 1694 διαιρέσει
1125 1644 1282 1681 διαστελ-

244 1703 406 1753 λόμενος,
423 1702 535 1752 λέγοις
554 1704 622 1739 τῶν
644 1702 782 1752 ἀγαθῶν
799 1699 843 1738 τὰ
864 1699 927 1751 μὲν
949 1693 1039 1740 εἶναι
1059 1700 1162 1748 τέλη,
1182 1701 1225 1739 τὰ
1244 1701 1279 1740 δὲ

244 1764 281 1800 οὐ
301 1761 402 1809 τέλη,
424 1760 506 1807 τέλη
538 1759 599 1810 μὲν
620 1759 820 1809 ὀνομάζων,
841 1754 888 1798 ὧν
904 1760 1007 1812 χάριν
1035 1760 1077 1798 τὰ
1111 1759 1214 1798 ἄλλα·
1241 1762 1279 1799 οὐ

243 1821 325 1868 τέλη
347 1821 407 1870 δέ,
429 1820 472 1858 τὰ
491 1822 558 1857 τῶν
583 1819 698 1857 ἄλλων
721 1818 819 1857 ἕνεκα
835 1818 1101 1869 λαμὸανόμενα.
1161 1818 1207 1857 Τί
1224 1818 1274 1869 δ’,

244 1931 390 1964 curatius
409 1930 592 1971 exprimere
616 1930 688 1970 vis,
716 1929 944 1962 Aristoteleam
971 1929 1078 1971 potius
1102 1929 1278 1964 beatitudi-
1309 1931 1313 1959 l

243 1999 316 2022 nem
350 1998 423 2022 cum
446 1998 485 2021 ea
501 1989 624 2020 confer.
686 1988 826 2020 Facilius
842 1997 881 2020 ea
907 1997 1008 2030 quam
1039 1988 1171 2020 frondes
1190 1988 1277 2026 ullae,

243 2048 389 2081 nascitur
407 2049 506 2088 atque
518 2046 651 2086 lnterit,
671 2046 790 2088 quippe
814 2055 888 2087 quae
905 2055 1012 2087 neque
1042 2047 1117 2078 anni
1147 2055 1279 2079 conver-

243 2108 367 2140 sionem
397 2108 583 2147 exspeetet,
602 2115 708 2147 neque
734 2105 850 2138 eodem
878 2114 962 2138 anno
988 2106 1041 2138 vel
1069 2114 1199 2146 mense,
1222 2105 1279 2139 sed

242 2166 356 2199 codem
369 2165 421 2197 die
435 2165 614 2204 eademque
629 2164 709 2196 hora
726 2165 758 2197 et
773 2164 898 2196 oriatur
908 2165 941 2196 et
953 2163 1094 2196 occidat.
1113 2165 1132 2196 J
1135 2173 1187 2196 am
1202 2172 1280 2196 vero

243 2236 319 2258 cum
334 2234 408 2267 quae
436 2224 624 2257 interimant
643 2224 747 2256 multa
780 2226 876 2265 sunt,
907 2225 979 2256 tum
1011 2224 1118 2256 omnia
1146 2224 1180 2256 in
1200 2233 1279 2256 casu

244 2285 355 2326 posita.
400 2283 528 2316 Etenim
555 2283 652 2316 simul
680 2283 797 2315 fatales
830 2283 963 2325 quidam
996 2283 1140 2325 corporis
1172 2283 1278 2315 morbi

242 2345 329 2383 sunt,
352 2345 451 2384 atque
473 2342 494 2374 ii
511 2342 640 2383 quidem
662 2338 935 2381 innumerabiles,
961 2342 1058 2374 simul
1084 2343 1274 2384 paupertas,

241 2401 394 2440 infamia,
418 2402 601 2441 caeteraque
644 2400 679 2432 id
705 2409 823 2442 genus,
841 2401 961 2442 quibus
979 2401 1031 2433 vel
1059 2400 1193 2441 singulis
1220 2410 1278 2442 par

241 2459 367 2492 nullum
387 2459 421 2491 in
439 2458 522 2490 bona
539 2457 594 2490 illa
608 2458 730 2490 virtute
746 2458 933 2499 proesidium
949 2459 1017 2499 θείς
1036 2458 1188 2499 quoniam
1206 2458 1277 2500 ipsa

244 2527 301 2559 per
311 2526 345 2549 se
354 2525 412 2549 nec
420 2516 461 2548 ad
476 2516 714 2557 deprecandam
726 2516 945 2549 calamitatem
959 2525 1019 2548 nec
1030 2516 1071 2548 ad
1087 2516 1276 2549 felicitatem

241 2575 492 2609 conservandam
515 2574 613 2607 valet.
658 2576 812 2616 Quisquis
829 2575 929 2615 igitur
945 2575 997 2608 his
1015 2575 1156 2608 decretis
1176 2575 1275 2608 innu-

242 2635 339 2667 tritus
360 2634 558 2674 acquiescet,
575 2634 740 2673 quomodo
758 2633 890 2666 tandem
911 2636 968 2666 aut
982 2634 1051 2675 ipse
1071 2643 1150 2675 cum,
1165 2635 1274 2666 Plato-

240 2694 292 2726 nis
311 2692 482 2733 disciplina
501 2692 730 2732 concordabit,
755 2695 811 2724 aut
827 2693 907 2724 alios
927 2693 968 2725 ad
987 2702 1059 2725 eam
1077 2694 1272 2735 amplecten-

241 2752 315 2784 dam
335 2750 503 2792 impellet?
524 2752 637 2791 Neque
655 2750 742 2782 enim
763 2751 832 2783 lieri
859 2753 984 2793 potest,
1006 2754 1042 2784 ut
1061 2752 1135 2794 quis
1155 2751 1196 2785 ab
1213 2752 1275 2783 ista

240 2806 445 2852 philosophia
485 2809 652 2849 protectus
680 2809 839 2841 Herculea
860 2809 915 2841 illa
935 2812 967 2842 et
990 2810 1099 2843 divina
1124 2811 1275 2851 dogmata

241 2867 392 2901 admittat
412 2880 419 2899 :
438 2866 610 2898 robustum
639 2867 670 2899 et
691 2867 862 2908 pulchrum
892 2868 971 2909 quid
998 2877 1070 2902 esse
1092 2870 1271 2908 virtutem,

241 2936 315 2968 quae
333 2934 500 2969 nunquam
528 2934 586 2958 nec
608 2925 650 2957 ad
681 2925 863 2958 felicitatem
885 2927 950 2959 ullo
979 2928 1124 2961 subsidio
1160 2930 1271 2970 egeat,

240 2995 344 3027 neque
360 2995 398 3018 ea
414 2984 544 3026 spoliari
560 2986 658 3025 queat
677 2998 684 3017 :
705 2985 762 3017 sed
778 2985 905 3018 etiamsi
916 2989 1105 3028 paupertas,
1127 2988 1271 3028 morbus,

240 3044 387 3084 infamia,
431 3043 501 3085 pix,
533 3052 633 3083 crux,
660 3043 787 3075 etiamsi
819 3044 871 3076 illa
910 3054 949 3077 ex
974 3046 1140 3087 tragoediis
1177 3046 1272 3079 simul

240 3103 347 3136 omnia
358 3103 390 3135 in
414 3111 515 3134 unum
532 3101 712 3140 confluant,
726 3101 834 3135 adbuc
853 3105 961 3135 tamen
982 3104 1108 3137 felicem
1133 3114 1171 3139 ac
1193 3106 1269 3139 bea-

240 3164 311 3195 tum
332 3161 439 3193 virum
465 3161 593 3202 justum
627 3161 787 3193 futurum.
833 3162 959 3204 Quippe
986 3163 1055 3203 ipsa
1072 3163 1173 3205 justi,
1194 3166 1269 3196 tan-

240 3230 340 3262 quam
369 3219 503 3252 victoris
524 3220 655 3252 athletae
671 3244 679 3259 ‚
719 3229 835 3253 nomen
867 3221 973 3253 vocali
1003 3222 1066 3254 hoc
1085 3224 1118 3255 et
1147 3223 1269 3264 ingenti

240 3279 401 3321 praeconio
421 3279 582 3317 celebrat,
606 3278 692 3310 hunc
708 3279 842 3311 demum
858 3279 1079 3312 felicissimum
1097 3291 1167 3314 esse
1183 3283 1269 3314 astir-

240 3347 350 3377 mans,
368 3337 423 3378 qui
441 3346 481 3370 ex
505 3337 574 3379 ipsa
593 3337 722 3379 justitia
743 3337 907 3370 felicitatis
934 3339 1077 3371 fructum
1098 3341 1266 3382 percipiat.

241 3398 306 3438 Age
322 3398 419 3437 ergo,
442 3397 527 3430 bona
556 3396 696 3438 partire,
726 3397 753 3429 si
771 3396 838 3437 vis,
861 3405 965 3438 eaque
988 3397 1165 3438 trifariam,
1187 3408 1270 3440 qua-

243 3454 424 3496 drifariam,
446 3455 656 3492 multifariam
689 3457 814 3493 variata
842 3456 1014 3498 distingue.
1064 3457 1150 3492 Nihil
1183 3459 1269 3493 enim

921 261 1083 307 ATTICI
1113 265 1382 309 PLATONICl
1413 269 1716 309 PHILOSOPHI

1349 359 1377 396 εἷ
1399 357 1500 409 μάθοι
1520 373 1592 408 τις,
1622 357 1674 395 ὅτι
1693 356 1736 395 τὰ
1766 355 1827 407 μ’ὲν
1852 355 1971 400 ἁπλῶς
1997 356 2121 408 ἀγαθά·
2140 356 2184 395 τὰ
2200 355 2236 395 δὲ
2255 356 2294 395 οὗ
2310 362 2378 397 πᾶ-

1348 432 1424 464 σιν;
1443 415 1530 463 ἢὸτι
1550 417 1592 455 τὰ
1613 417 1675 466 μὲν
1696 418 1810 468 ψυχῆς
1829 415 1957 466 ἀγαθά,
1976 413 2020 453 τὰ
2041 415 2076 453 δὲ
2088 413 2324 466 σώματος,τὰ
2348 416 2378 453 δ’

1348 474 1460 523 ἐκτός;
1491 474 1513 522 ἢ
1540 474 1670 524 πάλιν,
1692 473 1743 512 ὅτι
1766 473 1810 511 τὰ
1832 472 1895 524 μὲν
1914 474 1984 511 τῶν
2015 474 2177 525 ἀγαθῶν,
2199 472 2378 524 δυνάμεις·

1346 533 1389 573 τὰ
1406 533 1466 582 δέ,
1488 534 1657 579 διαθέσεις
1676 533 1734 573 καὶ
1757 532 1841 577 ἕξεις
1857 562 1866 579 ,
1889 531 1980 570 ἄλλα
1997 530 2232 584 δὲ.ἐνε’ργειαι·
2247 531 2293 572 τὰ
2322 532 2374 582 δέ,

1346 593 1442 641 τέλη·
1462 595 1505 632 τὰ
1521 594 1556 632 δὲ
1577 587 1681 644 ἶλαι,
1704 593 1747 631 τὰ
1769 592 1804 630 δὲ
1824 591 1976 644 ὅργανα;
2002 590 2067 629 κᾶν
2096 589 2188 630 κατὰ
2213 590 2275 635 τὰς
2295 589 2379 630 δέκα

1346 651 1556 704 κατηγορίας
1588 652 1681 704 μάθῃ
1710 667 1762 695 τις
1791 651 1924 702 δεκαχῆ
1962 648 2137 699 διανέμειν
2151 646 2322 699 τάγαθόν,
2344 647 2380 687 τί

1345 714 1455 749 ταῦτα
1486 710 1572 763 πρὸς
1599 710 1662 758 τὴν
1683 710 1874 753 Πλάτωνος
1894 708 2038 760 γνώμην
2074 706 2119 746 τὰ
2156 705 2379 758 διδάγματαζ

1344 766 1442 813 εΈως
1462 768 1530 822 γὰρ
1553 769 1592 808 ἂν
1612 763 1651 808 οὗ
1680 767 1722 807 σὺ
1756 766 1818 818 μὲν
1851 767 1919 806 εἴτε
1953 765 2167 818 ὁμωνύμως,
2192 763 2261 803 εἴτε
2286 762 2381 809 ὅπως

1348 829 1462 880 βούλει
1476 830 1591 868 καλῶν
1607 829 1721 880 ἀγαθὰ
1736 827 1779 866 τὰ
1789 830 1850 874 τῆς
1868 828 2003 878 ἀρετῆς,
2022 824 2097 864 ἄλλ’
2110 824 2197 863 ἄττα
2213 823 2299 876 πρὸς
2316 822 2381 872 τὴν

1346 889 1565 939 εὐδαιμονίαν
1585 890 1631 931 ὡς
1654 889 1830 940 ἀναγκαῖα
1859 885 2166 938 παραλαμὸάνῃς,
2196 882 2380 928 τὸίκανὸν

1344 950 1404 992 τ’ἥς
1433 949 1556 1000 ἀρετῆς
1576 946 1840 1000 ἀφαιρούμενος,
1877 944 2031 984 Πλάτων
2052 945 2082 982 δ’
2111 945 2150 982 ἐκ
2181 940 2380 995 περιουσίας

1345 1006 1423 1056 περὶ
1452 1008 1521 1044 τῶν
1554 1005 1670 1044 ἄλλων
1691 1007 1801 1057 ζητῇ,
1832 1005 1871 1042 τὸ
1903 1004 2048 1042 ἔκπλεον
2076 1004 2122 1047 εἷς
2154 1001 2380 1054 εὐδαιμονίαν

1346 1066 1405 1102 ἀπ’
1427 1066 1534 1110 αὐτῆς
1553 1067 1614 1110 τῆς
1633 1066 1758 1116 ἀρετῆς
1777 1063 1880 1116 ἔχων·
1900 1062 1996 1102 οὐδὲν
2031 1062 2071 1100 ἂν
2089 1064 2168 1112 ὑμῖν
2198 1060 2251 1109 εἴη
2288 1058 2380 1100 κατὰ

1344 1126 1443 1160 τοῦτο
1477 1123 1600 1161 κοινόν·
1636 1123 1727 1162 ἀλλά
1756 1137 1810 1161 σοι
1842 1123 1892 1160 δεῖ
1928 1121 2039 1174 λόγων
2072 1120 2188 1160 ἄλλων
2219 1121 2288 1159 τῶν
2319 1123 2381 1161 τοῦ

1345 1181 1548 1225 Πλάτωνος.

1425 1279 1480 1314 Ὡς
1494 1277 1591 1319 [γὰρ]
1602 1278 1660 1310 οὐκ
1670 1279 1737 1311 ἔστι
1752 1278 1863 1310 λέουσι
1877 1279 1930 1317 καὶ
1949 1278 2096 1320 ἀνδράσιν
2117 1277 2211 1319 ὅρκια
2221 1277 2332 1320 πιστά,
2348 1277 2363 1296 “

1426 1325 1495 1357 οὐδὲ
1514 1325 1602 1357 λύκοι
1614 1337 1646 1357 τε
1668 1327 1721 1358 καὶ
1740 1326 1825 1367 ἄρνες
1846 1325 2003 1367 ὁμόφρονα
2022 1325 2116 1366 θυμὸν
2140 1323 2282 1366 ἔχουσιν·

1343 1406 1448 1450 οὕτως
1465 1408 1525 1445 οὐκ
1546 1405 1620 1444 ἔστι
1650 1405 1815 1444 Πλάτωνι
1843 1405 1902 1444 καὶ
1922 1406 2149 1458 Ἀριστοτέλει
2171 1406 2269 1460 φιλία
2293 1406 2376 1459 περὶ

1342 1470 1402 1505 τοῦ
1429 1464 1703 1519 κορυφαιοτάτου
1737 1464 1797 1504 καὶ
1827 1465 2041 1518 κυριωτάτου
2071 1467 2130 1512 τῆς
2162 1463 2382 1516 εὐδαιμονίας

1343 1527 1524 1577 δόγματος.
1547 1524 1745 1578 Διαμπερὲς
1763 1525 1830 1578 γὰρ
1850 1528 1879 1564 εἷ
1895 1526 1944 1576 μὴ
1971 1525 2063 1564 κακὰ
2085 1526 2283 1578 φρονέουσιν
2309 1527 2378 1576 ἀλ-

1340 1585 1475 1632 λήλοις,
1495 1584 1539 1622 τά
1558 1600 1596 1635 γε
1616 1584 1802 1623 ὓπεναντία
1822 1584 1901 1638 περὶ
1916 1587 1984 1623 τῶν
2002 1588 2050 1628 εἷς
2069 1588 2170 1623 τοῦτο
2190 1585 2374 1640 διαφερόν·

1341 1659 1409 1682 των
1430 1642 1610 1695 φαίνονται
1628 1641 1796 1692 λέγοντες.

1395 1701 1607 1752 (Eusebius
1641 1701 1765 1752 Praep.
1787 1696 1952 1751 *Evangn
1989 1701 2058 1739 lib.
2093 1701 2173 1750 XV,
2213 1715 2300 1754 cap.
2333 1709 2372 1750 4.

1341 1757 1492 1799 Ἀττικοῦ
1516 1761 1743 1799 Πλατωνικοῦ
1770 1759 1854 1811 πρὸς
1876 1759 2134 1811 Ἀριστοτέλην,
2158 1759 2376 1812 διενεχθέντα

1341 1821 1454 1870 Μωσῇ
1475 1818 1536 1856 καὶ
1569 1817 1752 1865 Πλάτωνι,
1784 1820 1818 1856 εν
1850 1820 1900 1871 τῷ
1921 1818 2000 1870 περὶ
2027 1821 2089 1856 τοῦ
2117 1817 2237 1862 τέλους
2267 1818 2375 1872 λόγῳ.

1340 1928 1412 1961 haec
1429 1929 1471 1961 ad
1500 1938 1569 1961 rem
1599 1930 1802 1970 propositam
1833 1930 2007 1970 pertinent.
2064 1931 2240 1971 Nunquam
2257 1928 2319 1963 hac
2340 1932 2374 1963 tu

1338 1988 1392 2020 via
1410 1997 1468 2020 nos
1488 1988 1530 2020 ad
1553 1988 1720 2020 Platonem
1738 1987 1892 2020 adduces.
1938 1987 2028 2026 Quid
2049 1988 2135 2021 enim
2149 1988 2290 2031 Juvcrit‚
2308 1989 2337 2023 si
2355 1997 2374 2021 e

1339 2046 1432 2079 bonis
1451 2047 1532 2087 alia,
1562 2048 1598 2078 ut
1623 2046 1723 2086 dicis,
1742 2046 1941 2079 venerabilia
1960 2046 2042 2087 sint,
2072 2047 2110 2079 ut
2132 2046 2197 2085 dii:
2220 2046 2282 2080 alia
2303 2045 2374 2080 lau-

1339 2105 1475 2145 dabilia,
1501 2107 1540 2138 ut
1570 2105 1727 2146 virtutes3
1753 2105 1817 2137 alia
1848 2105 2040 2146 facultates,
2064 2107 2100 2138 ut
2122 2105 2247 2139 divitias
2275 2108 2376 2149 atquo

1339 2165 1438 2212 robur
1448 2177 1458 2205 ;
1476 2164 1538 2197 alia
1565 2164 1706 2206 denique
1727 2163 1822 2196 utilia
1834 2189 1842 2202 ‚
1864 2164 1903 2196 ut
1918 2163 2128 2197 curationes?
2146 2163 2233 2203 Quid
2251 2156 2353 2207 porro
2364 2190 2373 2206 ,

1338 2234 1438 2266 quum
1454 2224 1527 2257 haec
1545 2223 1715 2256 minutiori
1739 2223 1898 2255 divisione
1929 2222 2134 2265 distinguens
2158 2232 2176 2257 e
2195 2223 2291 2258 bonis
2310 2224 2376 2258 alia

1338 2283 1417 2316 fines
1432 2291 1504 2316 esse
1519 2283 1640 2316 dixeris
1651 2308 1662 2322 ,
1681 2282 1744 2315 alla
1766 2282 1958 2324 negaveris?
1976 2281 2091 2314 finium
2114 2279 2154 2315 e‘a
2171 2283 2301 2316 nomine
2316 2271 2372 2317 'at'-

1338 2342 1451 2376 ficiens
1465 2368 1473 2383 ,
1507 2351 1649 2384 quorum
1672 2341 1778 2382 gratia
1806 2342 1882 2373 sunt
1900 2343 2039 2381 caetera;
2059 2350 2126 2374 non
2146 2340 2228 2374 fines
2259 2330 2373 2375 antem

1337 2401 1519 2443 appellans,
1553 2409 1626 2442 quae
1661 2401 1854 2432 caeterorum
1870 2423 1872 2425 .
1889 2400 1923 2432 in
1955 2398 2102 2440 -gratiam
2135 2398 2367 2434 adhibeantur.

1337 2460 1423 2498 Quid
1451 2460 1549 2502 item,
1569 2459 1629 2493 ubi
1647 2459 1710 2491 alia
1737 2458 1928 2500 simpliciter
1946 2458 2030 2490 bona
2048 2466 2123 2491 esse
2139 2449 2370 2500 didicerimus,

1336 2519 1399 2552 alia
1428 2528 1493 2551 non
1524 2517 1705 2551 omnibus?
1734 2518 1794 2550 aut
1821 2516 1883 2549 alia
1903 2515 2037 2557 quidem
2065 2516 2165 2549 animi
2182 2515 2267 2550 bona
2285 2526 2369 2559 esse,

1336 2579 1398 2612 alia
1411 2577 1556 2620 eorporis
1569 2601 1577 2616 ‚
1597 2577 1660 2610 alia
1677 2578 1831 2609 externa?
1850 2576 1906 2608 aut
1921 2584 2038 2608 rursus
2056 2565 2125 2608 alia*
2137 2576 2223 2608 bona
2237 2565 2386 2610 facultass

1334 2640 1384 2670 tes
1405 2645 1496 2676 esse,
1518 2636 1580 2669 alia
1594 2635 1694 2669 animi
1713 2635 1902 2668 affectiones
1922 2636 1955 2667 et
1971 2633 2126 2675 habitus,
2151 2634 2214 2668 alia
2229 2635 2371 2678 denique

1335 2698 1429 2730 actus
1447 2698 1541 2729 esse?
1568 2695 1739 2728 Postremo
1762 2693 1824 2726 alia
1847 2693 1943 2733 fines,
1965 2692 2028 2725 alia
2046 2693 2220 2735 materias,
2240 2693 2302 2727 alia
2318 2694 2369 2727 in-

1334 2756 1535 2789 strumenta?
1553 2754 1616 2787 Sed
1633 2753 1761 2787 etiamsi
1776 2752 1849 2794 quis
1864 2751 2015 2785 didicerit
2030 2760 2048 2785 e
2063 2751 2179 2784 decem
2192 2753 2366 2795 categoriis

1333 2817 1455 2848 bonum
1475 2814 1510 2848 in
1526 2814 1639 2847 decem
1653 2814 1762 2855 partes
1781 2801 2000 2852 distribuere,
2011 2810 2091 2853 quid
2106 2810 2240 2844 tandem
2258 2812 2369 2846 omnia

1333 2877 1404 2908 haee
1418 2877 1581 2917 praecepta
1597 2872 1639 2906 ad
1660 2871 1806 2905 Platonis
1837 2871 1981 2904 mentem
2000 2870 2236 2912 pertinebunt?
2259 2873 2366 2911 Quam

1332 2937 1387 2970 diu
1404 2936 1489 2969 enim
1507 2937 1545 2967 tu
1562 2933 1694 2976 quidem
1720 2933 1788 2965 sive
1820 2930 1984 2964 communi
2016 2930 2147 2964 nomine
2158 2956 2166 2972 ,
2178 2919 2181 2922 ἢ
2195 2931 2266 2964 sive
2283 2941 2365 2974 quo-

1332 3005 1461 3037 cunque
1479 2993 1579 3026 modo
1605 2991 1758 3032 libuerit,
1780 2990 1900 3023 bonum
1924 2990 2089 3032 appellans
2114 2990 2289 3032 virtutem,
2308 2992 2365 3025 sed

1331 3055 1412 3088 satis
1429 3054 1458 3086 ei
1477 3062 1534 3096 per
1559 3061 1594 3085 se
1611 3051 1732 3084 virium
1762 3058 1836 3083 esse
1855 3058 1996 3090 neganS,
2015 3049 2079 3082 alia
2099 3050 2252 3091 quaedam
2271 3051 2308 3084 ut
2323 3051 2364 3084 ad

1331 3114 1517 3147 sellaitatem
1530 3110 1711 3145 necessaria
1725 3117 1874 3142 assumes
1889 3122 1896 3141 :
1920 3108 2014 3141 Plato
2034 3109 2146 3141 contra
2162 3108 2246 3141 dicis
2264 3117 2365 3143 causa

1330 3174 1489 3207 duntaxat
1506 3172 1675 3211 obiterque
1693 3168 1734 3202 de
1753 3167 1824 3201 aliis
1839 3176 2006 3209 quaerens,
2034 3167 2188 3200 sufficere
2207 3167 2363 3202 virtutem

1330 3233 1372 3267 ad
1387 3231 1575 3265 felicitatem
1591 3229 1716 3262 statuet
1737 3241 1744 3260 :
1766 3226 1847 3260 nihil
1860 3226 1956 3259 vobis
1971 3226 2034 3259 boc
2049 3226 2183 3268 quidem
2199 3225 2231 3259 in
2247 3233 2362 3268 genem

1330 3300 1502 3326 commune
1522 3290 1585 3323 erit
1601 3303 1608 3322 ι
1630 3288 1689 3321 sed
1709 3288 1874 3329 praecepta
1891 3296 1911 3319 a
1940 3286 2120 3319 Platonicis
2138 3286 2270 3320 diversa
2289 3288 2356 3321 tra·
2413 3307 2418 3312 -

1330 3351 1386 3382 das
1401 3357 1533 3382 necesse
1550 3349 1609 3380 est.

1402 3418 1521 3447 Faedera
1533 3416 1624 3445 nulla
1640 3414 1777 3444 homines
1790 3414 1872 3443 inter
1885 3421 2036 3451 saevosque
2050 3414 2172 3443 leones:
2219 3433 2222 3435 Α

1399 3471 1563 3500 nunquam
1575 3461 1653 3499 aym·
1665 3463 1757 3502 atque
1773 3460 1842 3498 lupi
1854 3465 1945 3489 sensu
1960 3458 2123 3491 ducuntur
2138 3459 2254 3491 eodem.
