2508 3776
241 239 321 278 326
331 286 333 288 v

241 325 277 365 δὲ
297 325 369 376 ἔχει
385 321 462 361 τινὰ
479 321 644 372 δύναμιν,
667 318 744 358 ἀλλ’
764 319 803 358 οὖ
822 315 996 366 τοσαύτην
1017 333 1058 371 γε
1079 319 1140 358 καὶ
1153 319 1273 358 τοιαύ·

240 399 322 431 την,
351 380 439 419 ὥστε
459 384 570 418 ποιεῖν
605 378 812 426 εὐδαίμονας
837 375 915 421 τους
941 377 990 428 μὴ
1026 378 1225 430 τοιούτους,
1251 378 1274 425 ἢ

239 441 317 485 τους
334 440 434 483 ὄντας
457 439 677 491 ἀφαιρεῖσθαι
705 436 768 484 τὴν
800 435 1058 489 μακαριότητα.
1081 436 1238 477 Ὢστε“’
1218 453 1278 490 ερ-

239 515 342 551 χεται
369 497 431 548 μέν
457 512 490 535 τι
517 496 586 535 ἀπὸ
602 498 670 534 τῶν
687 495 827 540 ζώντων
845 497 916 539 τοῖς
932 498 1108 535 τεθνεῶσι·
1131 501 1276 536 τοιαῦτα

240 557 275 597 δὲ
295 556 354 595 καὶ
376 558 528 594 τοσαῦτα
548 556 594 599 ὡς
615 554 790 605 μηδεμίαν
818 554 962 606 ἐπάγειν
980 555 1195 605 μεταὸολήν.

296 614 462 667 (Scripsi
485 628 494 652 z
516 615 537 636 '⁶
553 613 692 665 μέντοι]
720 614 805 654 cod.
827 611 890 664 μέν
911 628 977 654 τοι.
997 615 1076 666 -)

664 726 755 779 Κεφ.
792 724 849 764 ιθ’.

483 835 560 870 Ὀτι
574 839 639 869 τῶν
654 835 772 878 τιμίων
789 838 809 876 ἡ
831 836 1028 879 εὐδαιμονία.

289 937 310 957 *
326 935 572 988 Διωρισμένων
588 934 624 974 δὲ
644 934 790 983 τούτων,
817 933 1026 987 σκεψώμεθα
1047 934 1127 987 περὶ
1143 937 1205 982 τῆς
1223 936 1277 975 εὖ-

238 994 434 1046 δαιμονίας,
450 993 593 1046 πότερον
609 996 676 1032 τῶν
697 992 877 1043 δυνάμεών
894 994 1001 1041 ἐστιν,
1019 992 1040 1039 ἢ
1057 995 1125 1044 τῶν
1137 993 1278 1031 ἐπαινε-

239 1058 322 1101 τῶν,
338 1053 361 1101 ἢ
376 1054 444 1091 τῶν
458 1052 581 1103 τιμίων
598 1055 620 1099 ἢ
635 1051 848 1103 εὐδαιμονία·
863 1050 923 1090 καὶ
940 1052 1101 1102 δυνάμεις
1116 1050 1179 1101 μέν
1195 1053 1278 1090 εἰσιν

241 1115 275 1151 αἳ
296 1112 378 1157 ἕξεις
397 1114 465 1150 τῶν
492 1113 636 1163 τεχνῶν·
663 1105 731 1150 οἷον
764 1110 1016 1163 κυὸερνητικῆς
1048 1108 1070 1155 ἢ
1098 1112 1275 1163 ἰατρικῆς,

241 1172 345 1218 δῆλον
362 1169 414 1208 ὅτι
433 1169 472 1207 τὸ
493 1170 662 1208 δύνασθαι
679 1169 847 1220 ἰατρεύειν
865 1168 886 1215 ἢ
910 1169 1093 1222 κυὸερνᾷν·
1112 1169 1277 1207 ἐπαινετὰ

244 1229 297 1279 δέ,
322 1229 365 1267 τὰ
384 1228 452 1275 ἤδη
485 1228 747 1280 κατορθωθέντα
776 1228 836 1267 καὶ
865 1230 912 1273 εἷς
938 1228 1109 1280 ἐνέργειαν
1136 1229 1278 1266 ἐλθόντα

245 1287 371 1340 ἀγαθά.
388 1287 501 1337 Τίμια
517 1286 552 1325 δὲ
562 1287 605 1326 τὰ
622 1288 695 1326 θεῖα
708 1287 767 1326 καὶ
780 1286 998 1339 ὑπὲρταῦτα.
1015 1286 1156 1325 Τούτων
1172 1285 1279 1330 οὕτως

241 1346 390 1398 ἐχόντων
404 1376 414 1395 ,
436 1345 600 1393 ζητητέον
622 1345 656 1383 τί
672 1343 802 1383 τούτων
827 1344 920 1383 ἐστὶν
941 1347 962 1391 ἡ
980 1344 1196 1395 εὐδαιμονία·
1221 1344 1279 1381 δύ-

237 1420 340 1454 ναμις
359 1405 420 1455 μὲν
442 1398 498 1442 οῦν
520 1405 583 1442 οὐκ
608 1403 714 1442 ἔστιν·
744 1403 818 1441 ἔστι
843 1403 909 1455 γὰρ
929 1405 1058 1441 τέλειον
1085 1402 1229 1453 ἀγαθόν·
1251 1407 1273 1451 ἡ

241 1463 276 1502 δὲ
299 1462 441 1512 δύναμις
474 1462 609 1505 ἀτελές.
643 1459 777 1505 Ἄλλως
810 1476 848 1500 τε
878 1464 900 1508 ἡ
933 1459 995 1511 μὲν
1016 1460 1221 1510 εὐδαιμονία
1239 1462 1278 1499 οὗ

240 1522 504 1572 συναριθμεῖται
524 1520 682 1567 πολλοῖς,
702 1523 724 1566 ἡ
746 1518 781 1557 δὲ
803 1518 949 1570 δάναμις
964 1518 1122 1566 τοιαύτη·
1145 1519 1276 1558 πολλαὶ

239 1578 306 1630 γὰρ
329 1577 502 1629 δυνάμεις·
534 1581 557 1625 ἦ
590 1577 793 1629 εὐδαιμονία
826 1577 894 1629 ἄρα
915 1579 978 1616 οὐκ
1009 1577 1083 1616 ἔστι
1116 1578 1276 1630 δύναμις.

238 1636 310 1676 Καὶ
333 1635 403 1686 μὴν
425 1636 501 1675 οὐδὲ
521 1640 589 1675 τῶν
611 1638 801 1675 ἐπαινετῶν
827 1637 934 1674 ἐστιν·
954 1637 1150 1675 ἐπαινεῖται
1169 1636 1236 1689 γὰρ
1257 1637 1279 1675 ἃ

239 1695 378 1747 μετέχει
397 1695 487 1740 τινὸς
516 1697 661 1747 ἀγαθοῦ.
696 1695 769 1734 Τὸν
796 1694 862 1748 γὰρ
884 1694 1016 1734 δίκαιον
1035 1695 1095 1734 καὶ
1123 1695 1181 1734 τὸν
1212 1698 1278 1733 ἀν-

240 1754 349 1806 δρεῖον
367 1783 377 1801 ,
396 1753 456 1791 καὶ
474 1753 562 1797 ὅλως
583 1754 640 1792 τὸν
658 1753 785 1804 ἀγαθόν
798 1785 808 1802 ,
823 1753 883 1792 καὶ
899 1752 961 1800 τὴν
976 1753 1101 1806 ἀρετὴν
1118 1755 1276 1793 ἐπαινοῦ-

245 1827 330 1862 μεν,
355 1810 412 1849 διὰ
441 1812 481 1850 τὸ
510 1811 694 1859 ποιότητός
728 1826 818 1855 τινος
850 1812 979 1862 ἀγαθοῦ
1006 1812 1185 1864 μετέχειν,
1208 1811 1279 1850 ’καὶ

240 1871 357 1923 σχέσιν
379 1869 471 1923 ἔχειν
491 1870 576 1922 πρὸς
597 1869 723 1923 ἀγαθόν
744 1885 777 1908 τι
798 1869 857 1908 καὶ
872 1870 1073 1910 σπουδαῖον.
1092 1870 1161 1909 Διὰ
1177 1874 1279 1909 τοῦτο

240 1929 301 1968 καὶ
323 1931 353 1968 οἱ
381 1929 458 1973 τοὺς
478 1928 573 1973 θεοὺς
592 1931 813 1973 ἐπαινοῦντες
833 1927 961 1978 γελοῖοί
982 1930 1067 1967 εἰσιν
1081 1960 1092 1980 ,
1109 1933 1194 1980 ἡμῖν
1216 1933 1279 1969 αὖ·

239 1988 319 2032 τοὺς
339 1987 540 2032 ἐξισοῦντες.
562 1989 676 2027 Τοῦτο
692 1986 728 2025 δὲ
749 1987 961 2038 συμὸαίνει,
989 1986 1046 2025 διὰ
1066 1987 1106 2026 τὸ
1121 1987 1277 2040 γίνεσθαι

240 2045 318 2089 τους
338 2045 499 2091 ἐπαίνους
518 2048 621 2084 ἕνεκα
636 2048 697 2093 τῆς
715 2045 799 2099 πρὸς
818 2044 857 2083 τὸ
874 2044 1000 2094 ἀγαθὸν
1021 2046 1198 2098 ἀναφορᾶς
1218 2048 1277 2085 καὶ

241 2108 408 2158 σχέσεως,

293 2162 351 2204 Τὰ
368 2162 430 2213 μὲν
459 2155 517 2201 ουν
538 2162 705 2203 ἐπαινετὰ
726 2165 884 2201 τοιαῦτα·
906 2165 929 2210 ἢ
957 2162 1162 2213 ευδαιμονία
1182 2162 1218 2202 δὲ
1235 2165 1274 2202 οὗ

239 2225 405 2261 τοιοῦτον·
426 2221 499 2260 ἔστι
518 2222 585 2275 γὰρ
605 2221 644 2261 τὸ
670 2221 797 2274 ἀγαθὸν
817 2220 878 2260 καὶ
903 2220 942 2259 τὸ
961 2221 1113 2273 ἄριστον.
1144 2223 1218 2260 Τοῦ
1243 2221 1278 2260 δὲ

240 2282 367 2332 ἀγαθοῦ
403 2281 462 2318 καὶ
497 2284 556 2318 τοῦ
581 2280 724 2333 ἀρίστου
748 2283 810 2320 οὐκ
844 2280 937 2319 ἔστιν
961 2280 1114 2324 ἔπαινος·
1145 2281 1183 2318 οὗ
1211 2280 1279 2334 γὰρ

238 2340 323 2394 πρός
343 2356 377 2378 τι
399 2340 608 2393 ἀναφέρεται
629 2339 773 2391 ἀγαθόν.
791 2339 858 2379 Διὰ
877 2342 979 2377 τοῦτο
998 2338 1075 2377 οὐδὲ
1090 2338 1169 2382 τοὺς
1185 2339 1279 2384 θεοὺς

241 2403 449 2450 ἐπαινοῦμεν
467 2430 477 2450 ,
510 2399 599 2438 ἀλλὰ
623 2399 863 2451 μακαρίζομεν
891 2398 952 2436 καὶ
981 2397 1278 2449 εὐδαιμονίζομεν·

241 2459 366 2510 ὁμοίως
398 2457 433 2495 δὲ
466 2457 525 2495 καὶ
556 2459 623 2495 τῶν
653 2458 786 2510 ἀνδρῶν
819 2457 897 2501 τοὺς
933 2457 1127 2500 θειοτάτους
1156 2456 1216 2495 καὶ
1234 2458 1277 2496 τὰ

243 2516 378 2568 ἀγαθά,
398 2515 463 2554 ὅσα
490 2515 532 2554 δι’
558 2516 665 2554 ἑαυτά
686 2519 770 2554 εἰσιν
790 2516 925 2567 ἀγαθά,
945 2515 1001 2555 οἵα
1028 2515 1120 2556 ἐστὶν
1141 2516 1161 2536 *
1181 2519 1203 2563 ἡ
1222 2519 1279 2556 εὔ-

242 2575 416 2626 δαιμονία.
436 2574 559 2618 Οὐδεὶς
580 2574 647 2627 γὰρ
672 2575 736 2622 τὴν
755 2575 980 2626 εὐδαιμονίαν
1004 2575 1142 2614 ἐπαινεῖ
1167 2576 1279 2615 καθοί-

241 2649 306 2686 περ
321 2633 360 2672 τὸ
380 2632 510 2670 δίκαιον
523 2662 532 2680 ,
555 2634 632 2671 ἀλλ’
651 2635 696 2677 ὡς
716 2633 882 2686 θειότερόν
904 2649 936 2671 τι
953 2634 1013 2672 καὶ
1035 2634 1168 2686 βέλτιον
1202 2650 1279 2685 μα-

243 2691 389 2744 καρίζει.
428 2691 531 2730 Ἐπεὶ
551 2691 664 2730 τοίνυν
691 2692 733 2730 τὰ
766 2690 827 2742 μὲν
849 2692 1012 2730 ἐπαινετὰ
1047 2692 1103 2730 διά
1124 2708 1158 2731 τι
1183 2693 1280 2738 τέλος

243 2750 372 2801 ἀγαθὸν
393 2751 614 2788 ἐπαινοῦνται
631 2780 641 2800 ,
659 2753 680 2796 ἡ
703 2749 738 2788 δὲ
755 2750 955 2800 εὐδαιμονία
975 2753 1019 2795 εἷς
1034 2751 1167 2790 οὗδὲν’
1147 2753 1280 2799 αναφέ-

243 2825 339 2861 ρεται
358 2807 473 2855 τέλος,
498 2807 593 2858 (ἔστι
617 2809 684 2861 γὰρ
711 2809 796 2855 αὐτὴ
816 2810 855 2848 τὸ
887 2811 1034 2862 ἔσχατον
1069 2809 1192 2862 τέλος)
1217 2813 1279 2850 οὐκ

244 2867 284 2905 ἂν
306 2866 359 2914 εἴη
379 2869 447 2905 τῶν
469 2868 676 2905 ἐπαινετῶν·
693 2867 850 2907 λείπεται
870 2868 910 2916 δὴ
931 2885 998 2906 των
1024 2868 1149 2919 τιμίων
1173 2873 1276 2912 εἰναι.

243 2926 368 2978 Τούτῳ
400 2924 434 2963 δὲ
460 2927 509 2978 τῷ
529 2925 621 2978 λόγω
641 2925 701 2964 καὶ
721 2929 738 2964 ὁ
763 2926 871 2966 Εὔδοξ
857 2943 908 2971 ος
927 2933 1105 2988 μαρτυρεῖ·
1127 2927 1190 2974 τὴν
1211 2929 1277 2981 γὰρ

242 2983 367 3031 ἡδονὴν
391 2984 598 3035 βουλόμενος
639 2984 791 3029 δεῖξαι”
771 3001 910 3037 αριστον
947 2980 1034 3024 εἶναι
1060 2986 1119 3025 καὶ
1148 2987 1278 3027 τέλειον

243 3042 394 3093 ἀγαθόν,
414 3043 482 3080 ἀπὸ
501 3042 620 3080 τούτου
638 3042 733 3094 ἔλεγε
754 3044 992 3082 δείκνυσθαι“
972 3060 1023 3082 οτι
1042 3046 1104 3084 οὐκ
1120 3045 1194 3084 ἔστι
1209 3051 1278 3086 τῶν

242 3103 431 3140 ἐπαινετων
456 3101 547 3139 ἀλλὰ
568 3101 701 3153 βέλτιον
722 3102 869 3149 τούτων,
887 3103 956 3141 ἀπὸ
976 3107 1034 3141 τοῦ
1057 3104 1142 3155 μὴ
1128 3121 1278 3144 επαινει-

242 3163 321 3197 σθαι
335 3159 494 3211 ,ἀγαθὸν
511 3153 634 3199 οὖσαν·
655 3165 806 3199 τοιοῦτον
826 3160 861 3198 δὲ
885 3161 1000 3212 ἔλεγεν
1018 3166 1105 3201 εἶναι
1128 3164 1186 3202 τὸν
1203 3165 1276 3203 θεὸν

241 3217 302 3257 καὶ
328 3217 368 3257 τὸ
386 3218 530 3269 ἀγαθόν.
552 3218 646 3270 Πρὸς
670 3221 780 3256 ταῦτα
800 3220 866 3273 γὰρ
896 3220 955 3258 καὶ
984 3221 1014 3259 τ’
1034 3222 1124 3260 ἄλλα
1145 3224 1278 3276 ἀναφε-

244 3277 393 3330 ρόμενα,
421 3278 533 3329 ἀγαθὰ
563 3277 726 3328 λέγεσθαι
745 3278 804 3316 καὶ
821 3278 985 3316 ἐπαινετὰ
1018 3284 1118 3321 εἰναι.
1144 3280 1274 3320 Ἐπαι-

243 3342 352 3374 νεῖται
385 3334 448 3386 μὲν
472 3334 540 3388 γὰρ
558 3338 580 3383 ἡ
613 3335 740 3388 ἀρετή,
760 3335 812 3375 ὅτι
846 3338 1032 3389 πρακτικοὶ
1057 3339 1210 3389 γίνονται
1240 3342 1271 3379 οἱ

285 3445 305 3465 ⁴*
327 3445 404 3487 Gap.
432 3448 482 3480 12.
494 3447 714 3490 διωρισμένων
731 3447 767 3480 δὲ
784 3447 909 3480 τούτων
932 3449 1002 3480 κτλ.

1051 228 1336 271 ANDRONICI
1362 230 1539 270 RHODII

1335 323 1431 362 Quod
1446 323 1475 356 si
1490 323 1557 357 vim
1570 323 1736 366 quandam
1754 323 1893 364 habeat.
1915 327 2004 360 certe
2019 335 2084 360 non
2100 329 2226 361 tantam
2246 327 2305 360 aut
2322 327 2382 362 w
2414 370 2415 373 Ἴ

1336 383 1402 415 lem
1416 383 1516 416 habet
1527 408 1535 422 ,
1556 384 1596 415 ut
1610 392 1666 416 eos
1681 383 1739 426 qui
1756 392 1822 416 non
1836 385 1914 417 sunt
1930 384 2044 418 beatos
2061 385 2204 426 efficiat,
2223 385 2276 420 vel
2297 385 2378 420 boo·-

1337 441 1511 474 titudinem
1537 441 1579 475 iis
1594 442 1653 485 qui
1677 452 1750 476 eam
1769 442 1880 486 adepti
1902 444 1980 476 sunt
1997 443 2132 478 adimat.
2152 445 2376 484 Quamobrem

1337 502 1487 542 penetrat
1505 500 1640 543 quidem
1656 501 1781 544 aliquid
1794 511 1814 534 a
1830 501 1918 535 vivis
1933 501 1975 535 ad
1986 505 2135 536 mortuos
2154 514 2161 535 :
2180 503 2239 537 sed
2249 513 2289 538 ea
2299 512 2377 547 quae

1337 560 1509 601 penetrant
1524 559 1603 593 talia
1617 561 1695 594 sunt
1709 570 1748 594 ac
1759 561 1886 594 tantilla
1899 587 1906 600 ,
1923 563 1962 594 ut
1977 561 2108 595 omnino
2123 561 2248 597 nullam
2262 563 2378 599 muh-

1338 618 1461 652 tionem
1474 619 1606 653 faciant.
2289 631 2291 633 ·

1769 734 1846 776 eap.
1871 735 1955 767 xlx,

1511 844 1733 875 beatitudinem
1745 853 1808 875 esse
1822 845 1854 875 in
1868 846 1958 876 rebus
1972 845 2090 877 bonore
2104 845 2214 884 dignis.

1379 941 1440 975 His
1464 944 1575 975 autem
1605 942 1804 985 explanatis,
1824 945 1929 977 restat
1958 946 1997 977 ut
2022 944 2064 978 de
2096 944 2300 980 beatitudhie
2325 946 2379 980 vi-

1339 991 1492 1032 deamus,
1522 996 1636 1027 utrum
1648 994 1791 1028 facultas
1802 995 1864 1034 sit,
1883 1005 1925 1029 an
1945 996 2097 1030 habenda
2117 997 2153 1031 in
2167 995 2305 1036 numero
2320 995 2377 1032 re'-

1339 1054 1414 1078 rum
1432 1046 1648 1081 laudabilium
1672 1047 1727 1081 vel
1750 1048 1860 1090 potius
1889 1058 2002 1082 earum
2026 1058 2103 1092 quae
2123 1050 2246 1085 honore
2271 1050 2380 1095 dIgnae

1339 1101 1428 1134 sunt.
1454 1102 1501 1133 Ac
1523 1100 1665 1134 facultas
1695 1101 1830 1144 quidem
1857 1103 2042 1145 appellatur
2072 1103 2195 1146 ingenii
2221 1103 2266 1138 ad
2291 1100 2380 1139 artes

1339 1154 1520 1187 dexteritas
1540 1165 1547 1186 :
1575 1154 1670 1187 verbi
1690 1163 1789 1187 causa
1811 1157 1900 1188 artes
1919 1155 2123 1196 gubernandi
2147 1157 2206 1190 aut
2225 1157 2379 1192 medendi

1338 1208 1429 1248 patet
1451 1215 1565 1239 eorum
1592 1215 1663 1239 esse
1681 1206 1739 1249 qui
1762 1206 1886 1240 mederi
1916 1209 1976 1240 aut
2001 1208 2186 1258 gubernare
2210 1210 2376 1251 possunt:

1339 1260 1453 1291 contra
1469 1258 1650 1291 laudabilia
1663 1260 1824 1291 vocantur
1841 1259 1923 1291 bona
1934 1259 2002 1301 jam
2022 1260 2161 1302 probata
2177 1261 2212 1293 et
2226 1259 2270 1294 ad
2281 1269 2380 1295 usum

1340 1312 1567 1353 actionemque
1586 1320 1753 1346 conversa.
1783 1313 1826 1344 At
1841 1313 1964 1346 honore
1985 1312 2084 1355 digna
2112 1315 2191 1347 sunt
2214 1314 2329 1349 divina
2345 1316 2382 1349 et

1339 1364 1476 1406 reliquis
1505 1365 1638 1406 majora.
1659 1366 1741 1403 Quae
1762 1374 1866 1407 quum
1889 1365 1936 1398 ita
1958 1365 2034 1406 sint,
2060 1366 2276 1409 quaerendum
2296 1367 2379 1411 quid

1339 1428 1379 1451 ex
1401 1418 1454 1451 his
1471 1419 1625 1452 omnibus
1640 1418 1684 1451 sit
1704 1419 1876 1452 beatitudo
1892 1430 1900 1451 :
1916 1428 1954 1452 ac
1966 1420 2258 1464 primumquidem
2278 1421 2380 1456 facul-

1339 1477 1390 1507 tas
1409 1482 1481 1507 esse
1493 1482 1557 1506 non
1571 1474 1681 1515 potest
1701 1482 1708 1502 ε
1728 1474 1779 1506 est
1795 1473 1882 1506 enim
1905 1472 2028 1506 bonum
2046 1473 2247 1516 perfectum,
2268 1474 2381 1509 facul-

1339 1530 1391 1560 tas
1415 1529 1526 1560 autem
1545 1525 1738 1567 imperfecta
1764 1527 1826 1558 est.
1846 1525 1972 1560 Deinde
1995 1526 2166 1560 beatitudo
2186 1537 2252 1561 non
2271 1537 2380 1562 annu·-

1338 1582 1486 1613 meratur
1503 1578 1634 1617 multis,
1665 1578 1723 1611 sed
1747 1577 1889 1611 facultas
1916 1579 1992 1612 talis
2018 1581 2070 1612 est
2089 1591 2097 1612 ι
2122 1581 2244 1624 quippe
2264 1582 2381 1617 multe

1339 1636 1416 1668 sunt
1430 1634 1606 1668 facultates
1622 1642 1631 1662 τ
1647 1633 1818 1666 beatitudo
1844 1642 1920 1675 ergo
1940 1643 2006 1666 non
2023 1636 2074 1667 est
2089 1635 2240 1670 facultas.
2261 1636 2380 1671 Enim-

1338 1698 1417 1722 vero
1445 1697 1486 1721 ne
1509 1688 1543 1720 in
1572 1695 1684 1720 rerum
1702 1686 1836 1728 quidem
1856 1687 2072 1720 laudabilium
2100 1698 2238 1723 numero
2263 1691 2380 1725 haberi

1337 1743 1447 1785 potest
1467 1753 1475 1773 z
1496 1741 1530 1773 id
1554 1740 1641 1773 enim
1658 1740 1814 1773 laudatur
1834 1739 1924 1782 quod
1948 1741 2026 1774 boni
2051 1741 2192 1784 alicujus
2206 1745 2257 1776 est
2274 1746 2380 1786 paru-

1340 1804 1427 1838 ceps.
1451 1795 1614 1828 Nimirum
1639 1795 1768 1837 Justum
1788 1793 1976 1837 sortemque
1997 1796 2164 1829 hominem
2180 1798 2380 1842 omninoque

1340 1852 1479 1886 bonum,
1509 1849 1567 1879 aut
1594 1847 1700 1889 ipsam
1726 1846 1867 1888 denique
1890 1847 2050 1880 virtutem
2077 1847 2268 1890 laudamus,
2301 1852 2381 1895 quia

1339 1904 1438 1936 certae
1457 1900 1629 1943 cujusdam
1671 1900 1748 1933 boni
1769 1900 1938 1942 qualitatis
1952 1901 2116 1944 particeps
2137 1905 2189 1936 est
2211 1905 2312 1948 atque
2335 1905 2380 1938 ad

1340 1953 1463 1986 bonum
1485 1954 1519 1984 et
1535 1952 1710 1983 honestum
1729 1951 1972 1993 quodammodo
1988 1951 2143 1986 refertur.
2171 1955 2281 1991 Quare
2301 1957 2338 1989 et
2355 1956 2380 1989 ii

1340 2003 1400 2046 qui
1418 2003 1497 2036 deos
1511 2001 1666 2039 laudant,
1686 2003 1764 2033 sunt
1788 2001 1934 2039 ridiculi,
1955 2003 2035 2044 quia
2055 2012 2112 2036 eos
2137 2005 2380 2049 quodammodo

1337 2053 1432 2088 nobis
1443 2054 1588 2095 aequant..
1606 2053 1677 2083 Hoc
1688 2053 1798 2083 autem
1818 2053 1989 2093 propterea
2007 2053 2126 2086 accidit
2136 2079 2146 2094 ,
2159 2055 2251 2097 quod
2265 2056 2379 2090 laudes

1339 2103 1580 2146 comparatione
1595 2104 1628 2135 et
1641 2102 1798 2135 relatione
1812 2103 1852 2134 ad
1867 2102 1901 2135 id
1914 2103 2005 2145 quod
2016 2103 2140 2138 bonum
2151 2107 2203 2139 est
2216 2108 2377 2143 constant.

1381 2164 1475 2196 Tales
1493 2162 1594 2203 igitur
1611 2162 1688 2193 sunt
1702 2170 1756 2194 res
1774 2161 1957 2195 laudabiles
1975 2172 1983 2192 ε
2002 2162 2172 2197 beatitudo
2188 2158 2300 2199 autem
2314 2175 2380 2200 non

1340 2224 1390 2256 est
1411 2221 1487 2255 talis
1504 2234 1512 2253 ι
1536 2222 1587 2253 est
1604 2220 1690 2253 enim
1709 2220 1780 2262 ipsa
1796 2220 1920 2253 bonum
1941 2222 1974 2253 et
1986 2214 2158 2264 optimum.
2186 2224 2284 2262 Quod
2301 2234 2380 2260 vero
2414 2271 2415 2274 Ἰ

1340 2282 1463 2315 bonum
1480 2281 1530 2313 est
1555 2281 1589 2312 et
1612 2279 1795 2321 optimum,
1823 2278 1951 2312 laudari
1968 2289 2033 2312 non
2051 2282 2160 2323 potest
2177 2295 2186 2315 :
2205 2291 2267 2316 nec
2291 2284 2379 2318 euim

1339 2342 1382 2375 ad
1400 2340 1535 2384 aliquod
1549 2339 1692 2373 refertur
1706 2339 1838 2372 bonum.
1857 2340 2017 2378 Quocirca
2031 2349 2092 2374 nec
2106 2341 2187 2375 deos
2198 2342 2287 2386 ipsos
2304 2343 2379 2378 lau-

1339 2403 1477 2441 damus,
1499 2401 1558 2434 sed
1574 2400 1689 2434 felices
1709 2402 1742 2433 et
1761 2400 1876 2433 beatos
1899 2400 2040 2434 dicimus
2056 2412 2064 2434 :
2080 2402 2261 2446 eodemque
2279 2405 2378 2440 modo

1338 2461 1485 2494 homines
1500 2458 1722 2492 divinissimos
1739 2467 1842 2500 eaque
1855 2458 1941 2491 bona
1951 2485 1958 2498 ,
1977 2468 2053 2502 quae
2063 2469 2122 2502 per
2141 2470 2178 2495 se
2194 2464 2270 2495 sunt
2285 2463 2375 2504 talia,

1338 2519 1447 2563 qualis
1462 2520 1513 2552 est
1529 2517 1710 2551 beatitudo.
1729 2519 1832 2550 Nemo
1847 2517 1934 2550 enim
1957 2517 2195 2553 beatitudinem
2206 2544 2215 2559 ‚
2236 2521 2322 2555 sicut
2341 2522 2378 2556 id

1338 2579 1428 2622 quod
1444 2579 1573 2621 justum
1585 2578 1651 2616 est,
1672 2577 1801 2615 laudat,
1834 2577 1892 2610 sed
1912 2578 2069 2620 tanquam
2086 2578 2230 2614 divinius
2247 2581 2328 2624 quid
2339 2592 2378 2616 ac

1340 2639 1459 2672 melius
1486 2637 1622 2679 suspicit
1641 2636 1722 2669 etin
1741 2645 1851 2668 rerum
1867 2636 2131 2670 beatissimarum
2155 2649 2293 2674 numero
2308 2641 2377 2675 col-

1338 2699 1435 2731 locat.
1451 2697 1611 2736 Quoniam
1630 2706 1705 2738 ergo
1717 2705 1771 2729 res
1782 2696 1965 2729 laudabiles
1979 2696 2022 2730 ob
2038 2697 2161 2731 bonum
2173 2699 2317 2742 aliquem
2336 2701 2377 2735 fi-

1338 2766 1413 2790 nem
1429 2755 1618 2795 laudantur,
1633 2754 1762 2786 nullum
1778 2763 1857 2786 vero
1874 2754 1916 2786 ad
1931 2754 2030 2787 finem
2049 2755 2192 2789 refertur
2205 2757 2376 2793 beatitudo

1340 2815 1433 2858 (ipsa
1465 2814 1551 2847 enim
1570 2813 1710 2846 ultimus
1740 2814 1790 2846 est
1816 2812 1918 2854 finis),
1946 2814 2096 2855 sequitur
2112 2824 2185 2848 eam
2214 2825 2280 2850 non
2304 2827 2376 2862 esse

1337 2875 1438 2908 rebus
1456 2873 1679 2907 laudabilibus
1697 2872 1992 2914 annumerandam3
2013 2882 2116 2915 quare
2135 2877 2255 2916 restat,
2277 2878 2318 2911 ut
2333 2877 2376 2912 iis

1337 2934 1438 2967 rebus
1459 2942 1534 2975 quae
1557 2933 1681 2965 honore
1708 2931 1815 2972 dignae
1845 2932 1938 2970 sunt,
1961 2931 2146 2974 adjiciatur.
2180 2936 2273 2968 Hanc
2294 2945 2374 2971 vero

1338 2991 1521 3034 opinionem
1535 2991 1569 3024 et
1584 2990 1742 3023 Eudoxus
1763 2988 1936 3022 confirmat
1960 3000 1968 3021 ι
1987 2990 2046 3032 qui
2068 2991 2268 3034 voluptatem
2285 2994 2374 3037 opti-

1338 3061 1429 3083 mum
1446 3052 1480 3084 et
1494 3049 1677 3093 perfectum
1697 3049 1819 3082 bonum
1846 3057 1917 3081 esse
1943 3050 2155 3089 ostensurus.
2180 3052 2270 3095 quod
2283 3052 2371 3096 ipsa,

1340 3120 1444 3153 quum
1470 3109 1564 3142 sitin
1581 3117 1717 3141 numero
1743 3117 1854 3141 rerum
1880 3107 2038 3141 bonarum
2051 3117 2053 3119 ’
2066 3119 2131 3142 non
2153 3110 2317 3151 laudetur,
2335 3121 2374 3146 eo
2429 3120 2441 3135 «

1338 3169 1495 3202 declarari
1517 3168 1670 3211 putabat,
1704 3176 1776 3200 eam
1793 3166 1894 3200 rebus
1919 3166 1977 3206 iis,
2006 3176 2082 3210 quaa
2104 3171 2212 3203 essent
2227 3169 2374 3205 laudabi-

1337 3228 1402 3267 les,
1427 3237 1499 3261 esse
1516 3227 1684 3260 meliorem
1714 3236 1722 3257 ε
1751 3225 1850 3258 talem
1876 3227 1987 3259 autem
2016 3226 2115 3260 deum
2142 3237 2180 3261 ac
2207 3238 2372 3263 summum

1338 3288 1462 3320 bonum
1472 3295 1543 3319 esse
1558 3295 1626 3328 prae
1642 3295 1676 3319 se
1689 3284 1824 3318 ferebat.
1840 3286 1966 3317 Horum
1983 3285 2070 3318 enim
2083 3289 2234 3329 respectu
2247 3288 2373 3331 reliqua

1337 3355 1469 3389 quoque
1495 3346 1579 3379 bona
1612 3344 1679 3378 dici
1707 3346 1741 3378 et
1770 3344 1948 3378 laudabilia
1976 3353 2057 3378 esse.
2093 3345 2262 3381 Laudatur
2285 3346 2372 3382 enim
