2528 3788
299 313 362 352 i·
380 316 396 336 ⁸
419 311 477 352 ἐπί
496 327 528 350 τι
549 325 636 351 cum
659 310 826 364 Vigero]
849 309 961 355 codd.
987 308 1046 348 ἐπὶ
1066 312 1123 363 τῇ.
1144 331 1195 339 -
1213 308 1229 332 '³

229 313 318 419 ”“Ϊ.’ύς
336 387 374 411 τε
405 369 466 410 καὶ
499 368 730 423 παλίγκοτος,
759 368 994 421 ἐγκαθήμενος
1015 367 1046 406 δ’
1069 370 1087 406 6
1112 367 1230 406 ἑνελα·

265 560 282 593 ξ
293 549 407 592 codd
420 552 435 603 ]
455 552 543 603 αὐτῇ
569 547 736 600 conJ'ecit
752 547 926 597 Vigeissus
947 569 999 575 —
1017 544 1034 569 ‘¹
1052 545 1155 590 ἕως
1136 545 1168 584 e’
1190 545 1230 585 ἂν

293 609 372 662 ρον]
389 610 625 649 membranae
640 606 704 652 ἕως
729 605 758 645 δ’
775 606 954 660 ἑκάτερον.
988 628 1040 637 -
1061 608 1078 627 ⁹
1104 605 1144 644 τὸ
1162 609 1231 644 τῶν

255 668 392 721 σιδῶν]
428 669 522 708 libri
554 666 594 706 τὸ
625 667 693 704 τῶν
726 664 924 706 Ἀλωάδων,
964 665 1062 704 Sunt
1100 673 1227 704 autem

233 726 364 775 081ae,
385 729 454 781 qui
473 737 511 767 et
530 725 678 765 Aloidae
693 734 895 776 vocantur,
912 725 1008 764 Otus
1022 734 1060 763 et
1073 725 1231 777 Ephial-

275 784 364 826 vid.
390 787 503 828 Iliad.
531 786 578 834 V,
605 775 696 834 383.
729 783 975 836 Odyss.X1‚
1009 783 1083 822 305
1117 797 1228 835 seqq.

273 903 357 948 En.
377 905 555 955 V1,582.
576 903 693 942 Ovid.
710 903 801 941 Met.
822 902 889 950 VI,
917 917 1006 951 117.
1026 902 1228 943 Claudian.

108 996 110 998 ,
212 971 214 974 ·
249 956 357 1004 bello
375 963 514 1004 Getico
535 969 598 1012 74.
620 961 681 1010 Cf.
713 961 942 1013 Apollodor.
962 961 995 1009 1,
1027 977 1064 1010 7,
1092 968 1129 1007 4.
1151 960 1232 991 ——f

99 1016 126 1057 ¹-
173 1046 178 1074 3
206 1016 260 1063 ‘l
274 1018 323 1054 ²2-
342 1025 382 1066 οὒ
402 1022 656 1075 παλινάγρετον
674 1023 752 1061 κτλ.
768 1022 782 1073 ]
801 1029 997 1060 mutuatus
1013 1030 1069 1060 est
1083 1021 1164 1060 haec
1180 1021 1230 1060 ab

189 1123 211 1132 μ
230 1078 375 1134 inem,
398 1081 468 1135 qui
487 1082 602 1122 Iliad.
625 1081 695 1122 lib.
717 1081 750 1130 I,
779 1094 841 1121 vs.
873 1080 1050 1129 526-527
1081 1080 1198 1119 habet
1217 1094 1226 1120 ε

99 1142 123 1179 ”.
181 1133 334 1196 ἱᾶμωρ·
372 1141 511 1196 οὗ’γὲιρ
543 1140 626 1191 ἐμὸν
657 1139 911 1193 παλινάγρετον
950 1139 1022 1178 οὐδ’
1047 1139 1229 1187 ἀπατηλὸν

180 1199 254 1240 οὔδ’
271 1199 521 1250 ἀτελεύτητον,
540 1200 582 1251 ὅ,
604 1215 638 1239 τι
658 1215 719 1239 κεν
737 1201 872 1253 κεφαλῇ
890 1199 1110 1241 κατανεύσει).
1141 1207 1194 1230 -·’-
1213 1203 1230 1229 ⁸

185 1259 291 1300 διότι
307 1253 367 1300 οὖν
383 1275 435 1306 τις
449 1261 492 1300 ἐκ
511 1259 641 1301 τούτων
657 1261 725 1298 τῶν
747 1258 928 1311 δογμάτων
946 1259 1006 1298 καὶ
1024 1259 1154 1310 ταύτης
1169 1264 1231 1308 τῆς

183 1318 349 1373 αἱρέσεως
378 1318 525 1366 διδάξειε
553 1342 603 1349 --
633 1317 766 1358 δύναιτ’
797 1317 862 1370 ἂν]
900 1318 1092 1359 Similiter
1117 1320 1230 1360 Plato

183 1378 396 1433 Apol.pag
398 1394 419 1420 .’
433 1384 479 1424 41
503 1378 622 1431 ἔμοιγε
654 1377 715 1417 καὶ
734 1378 830 1431 αὐτῷ
849 1378 1036 1429 θαυμαστὴ
1067 1378 1108 1417 ἂν
1130 1379 1184 1427 εἴη
1206 1383 1227 1428 ἡ

183 1437 346 1491 διατριβὴ
356 1437 524 1509 ηαῦτόθι,
557 1437 660 1478 ὁπότε
694 1437 873 1490 ἐντύχοιμι
918 1437 1133 1489 Παλαμήδει
1171 1439 1230 1478 και

27 1538 33 1549 ,
61 1515 64 1517 ’
88 1515 90 1522 ·
181 1495 310 1537 Αἴαντι
331 1498 382 1551 τῷ
409 1498 637 1548 Τελαμῶνος.
663 1497 739 1536 Sed
766 1496 927 1536 Eusebii
955 1498 1109 1537 codices
1132 1513 1230 1551 prae-

99 1574 113 1609 g
176 1553 310 1597 bem·
333 1555 465 1596 ὁπόταν
491 1549 550 1596 ουν
569 1572 620 1600 τις
639 1557 720 1596 κτλ.
753 1578 807 1585 -
828 1554 976 1610 ΙΙἔαρος
1001 1557 1032 1596 δ’
1056 1558 1229 1611 ε’πιγίγνε·

90 1619 138 1664 ''·.-
178 1623 239 1652 ται
275 1612 374 1668 ὥρῃ]
414 1623 459 1654 ut
489 1615 532 1654 in
570 1614 768 1667 plerisque
796 1614 954 1654 Homeri
995 1615 1230 1656 membranis

177 1670 290 1723 iliad.
305 1673 376 1715 lib.
397 1673 463 1723 VI,
481 1686 541 1714 vs.
573 1679 660 1725 149.
683 1674 732 1712 At
751 1673 911 1712 Eusebii
932 1674 1086 1714 codices
1107 1676 1224 1715 aliam

98 1744 133 1766 ι’
176 1732 394 1791 agnoscunt
420 1730 671 1784 scripturam,
695 1745 782 1784 quae
803 1741 884 1771 tum
905 1732 1024 1784 hujus
1045 1743 1124 1773 tum
1148 1735 1228 1773 Ho-

91 1791 121 1821 3
178 1791 275 1831 meti
305 1791 540 1844 quibusdam
563 1791 782 1830 editoribus
809 1792 942 1831 arrisit
971 1790 1072 1846 ἔαρος
1105 1794 1135 1832 δ
1155 1794 1228 1832 ἐπι·

105 1894 107 1900 .
122 1857 129 1888 ,'
152 1846 431 1910 Υ,γίη-(ινάτιιιιιοιρη,
450 1851 492 1890 id
510 1859 581 1899 est,
593 1849 736 1902 Vigero
759 1850 864 1890 1nte1
867 1860 1008 1903 prete
1029 1856 1228 1892 succedunt

98 1948 106 1962 „
130 1908 132 1910 ¹
154 1908 348 1966 4ἔζιιιριὶντι
375 1914 494 1951 veris.
528 1909 638 1949 Hanc
669 1909 749 1961 qui>
770 1919 927 1949 tuentur
955 1910 1010 1949 ita
1031 1925 1228 1964 exponere

175 1968 322 2018 nolent,
353 1969 467 2021 quasi
483 1969 690 2022 scripserit
709 1977 824 2021 poeta
853 1967 952 2022 ἔαρος
974 1967 1032 2008 ὅτε
1052 1969 1228 2022 ἐπιγίγνε-

6 2030 10 2083 s
88 2022 104 2075 γ’
126 2019 130 2024 ’
167 2037 238 2075 ,ται
253 2026 345 2082 ὥρη.
367 2028 510 2068 Verum
530 2029 640 2080 prior
654 2029 851 2080 scriptura
878 2029 995 2067 unice
1014 2029 1112 2068 mihi
1134 2044 1226 2082 pro-

110 2117 114 2119 -
177 2084 309 2128 batur.
331 2086 416 2118 -1
447 2089 482 2126 ἐν
511 2081 548 2162 ᾧ
565 2087 663 2139 μηδὲ
665 2102 683 2126 ν
708 2086 860 2139 γίνεται]
895 2100 916 2126 e
936 2087 1068 2138 Vigeni
1097 2089 1226 2141 conje-

90 2157 99 2168 ‘
178 2154 309 2195 etura;
329 2146 442 2186 codd.
457 2138 555 2199 καὶῳ
574 2145 623 2198 μὴ
641 2145 786 2198 γίνεται.
803 2169 855 2175 -—
871 2144 1110 2214 '‘·ssffffgoek]
1130 2148 1224 2188 libii

88 2235 96 2259 ,ζ
177 2197 404 2257 παράὸαλλε.
422 2223 477 2236 -—
484 2203 680 2259 'naiton-ei]
697 2205 841 2255 legitur
853 2206 967 2244 etiam
983 2206 1086 2258 apud
1100 2207 1134 2244 Γ
1137 2207 1225 2247 heo

109 2307 112 2310 ,
175 2266 328 2304 crimm.
337 2264 454 2318 Idyll.
471 2264 644 2313 XXVIII,
669 2266 727 2312 13,
744 2265 813 2303 ubi
834 2265 1022 2315 Belgkius
1045 2267 1222 2306 codicum

4 2311 14 2368 Q
112 2319 118 2325 ”
174 2323 380 2365 lectionem
405 2333 555 2364 temere·
578 2325 743 2364 mutavit
773 2326 815 2363 in
847 2325 1016 2365 αὖτοενεί.
1045 2345 1099 2363 ——·
1117 2331 1144 2350 '¹’
1164 2331 1227 2376 τῆς

4 2369 31 2442 i·
84 2387 145 2436 j1‘j‘,
163 2375 286 2432 αὖθις
300 2382 459 2436 ἡμέρας]
481 2383 594 2423 codd.
633 2384 739 2430 αὐτῆς
769 2383 913 2436 ἡμέρας.
933 2408 986 2414 --
1004 2389 1023 2408 ¹¹
1043 2387 1104 2432 τῆς
1121 2387 1227 2434 αὐτῆς

268 2441 289 2494 ]
304 2441 434 2492 codd.;
451 2443 558 2489 αὗτῆς
574 2439 679 2494 ὥρας.
694 2464 749 2472 -
765 2447 780 2464 ⁰
801 2442 927 2495 μυρίας
945 2443 980 2484 δὲ
1000 2438 1117 2496 αῧται]
1139 2461 1226 2485 cum

175 2499 294 2540 efodd.>
310 2495 622 2555 μυρίατδὴαῧται
651 2501 821 2553 conjecit
842 2502 1024 2553 Vigerus.
1046 2527 1098 2533 —-
1112 2510 1128 2534 Ρ
1149 2507 1227 2545 ἑπι-

175 2557 361 2612 κηρυκιύει
378 2562 462 2612 γοῦν
480 2559 591 2611 αὐτὴ]
615 2574 701 2599 cum
730 2560 895 2612 Viger30
932 2562 1024 2600 libri
1057 2565 1224 2638 ἐπικηρυ-

173 2617 269 2659 uuiti
296 2621 379 2673 γουν
403 2620 500 2674 αὐτῷ
534 2625 622 2651 --‘¹
652 2622 702 2674 τῷ
735 2622 1059 2676 μεγαλοφωνοτάτῳ
1091 2623 1218 2676 κηρύγ-

79 2843 115 2900 ¹3
167 2848 345 2899 Didonem
359 2865 395 2898 et
413 2865 623 2899 Aristotelem
649 2875 831 2900 consensus
860 2867 970 2900 nullus
1003 2877 1077 2901 esse
1096 2871 1219 2910 potest.

143 2920 312 2956 Prorsus
327 2923 434 2966 enim,
452 2925 482 2958 si
496 2924 612 2958 minus
624 2925 708 2960 alter
725 2933 800 2968 erga
820 2926 963 2960 alterum
985 2928 1070 2960 male
1098 2927 1222 2961 anima-

141 2980 230 3019 has
244 2981 309 3024 sie,
329 2982 496 3016 contraria
513 2983 632 3017 saltem
648 2993 706 3018 eos
725 2985 766 3018 (le
783 2985 884 3019 rebus
900 2984 967 3018 huc
984 2986 1225 3028 pertinentibus

126 3037 284 3102 'dicere
297 3045 445 3087 apparet

187 3092 247 3138 ·3.
269 3104 397 3138 Rursus
409 3113 513 3148 quum
531 3107 639 3139 Moses
653 3107 687 3139 et
704 3106 921 3139 Hebraeorum
939 3106 1108 3149 prophetae
1123 3108 1224 3140 maxi

172 3169 294 3206 meque
322 3163 415 3197 Plato
431 3164 484 3197 his
513 3164 714 3207 astipulatus
741 3166 843 3199 verba
863 3166 904 3199 de
933 3165 1090 3199 universo
1111 3168 1221 3209 provi·-

172 3220 285 3258 ὤιιῆι
301 3223 531 3258 administrato
559 3226 732 3268 perspicue
765 3226 903 3259 fecerint
930 3239 939 3259 z
963 3226 1162 3259 Aristoteles
1184 3227 1216 3260 in

136 3298 141 3302 -
175 3281 279 3316 lanu-i
308 3282 389 3316 orbe
419 3283 532 3317 divino
563 3285 691 3318 numini
719 3286 875 3319 terminos
904 3287 1053 3319 statuens
1081 3285 1226 3327 reliquas

171 3338 290 3374 'mnndi
314 3343 425 3384 partes
444 3342 488 3376 ab
508 3352 580 3385 ejus
597 3354 677 3377 eura
702 3347 738 3378 et
760 3345 997 3387 gubernatione
1024 3345 1222 3386 segregavit.

177 3398 285 3436 Quam
298 3399 342 3433 ob
365 3410 498 3435 causam
516 3402 568 3436 his
584 3404 681 3436 etiam
706 3404 748 3437 ab
767 3404 882 3437 codem
900 3404 1012 3437 Attico
1028 3404 1140 3438 verbiS
1165 3414 1221 3438 re-

176 3453 363 3500 darguitur.
386 3461 495 3499 Quum
511 3471 621 3504 porro,
638 3463 756 3506 inquit,
772 3463 858 3497 inter
874 3472 912 3496 ea
926 3472 1000 3505 quae
1016 3463 1058 3497 ad
1078 3463 1218 3498 felicita--

1099 220 1414 262 FRAGMENTA
1422 249 1434 260 .

2256 220 2336 261 189

1291 308 1386 361 τάτῳ
1407 308 1547 361 κήρυκι.
1568 330 1620 338 —-
1642 312 1656 331 ¹⁸
1678 310 1724 354 ὡς
1745 309 1807 347 οὐκ
1837 308 1911 347 ἔστι
1945 308 2064 348 λέουσι
2086 307 2146 348 καὶ
2168 306 2335 361 ἀνδράσιν

1290 366 1395 420 ὅρκια
1411 366 1518 407 πιστά
1534 369 1610 407 κτλ.
1628 370 1640 418 ]
1663 367 1736 406 Ver
1743 382 1832 416 sus,
1849 368 1917 420 qui
1939 368 2004 407 hic
2019 378 2337 407 commemoran-

245 444 249 455 ’
275 453 277 460 0
333 428 435 470 αὑτὸν
454 428 570 483 ὄρνις]
592 430 686 468 libri
706 427 837 482 τραχύς
864 443 901 466 τε
918 427 979 467 καὶ
1002 426 1230 478 παλίγκοτος,
1291 435 1368 476 tur,
1390 435 1481 466 sunt
1505 427 1617 467 Iliad.
1636 427 1711 468 lib.
1733 426 1862 476 XXII,
1883 429 1958 466 262
1980 437 2018 466 et
2039 428 2130 468 263.
2147 427 2337 465 Caeterum

242 482 440 545 ᾇκάθηται
458 495 476 532 6
497 490 724 544 ἐνελαφρίζων
743 487 906 528 ἑαυτὸν”
885 502 999 539 ορνις.
1013 508 1066 516 -
1084 485 1230 538 οταύτῃ
1290 485 1358 539 γὰρ
1376 488 1505 537 priori
1532 500 1601 525 νει
1604 499 1664 525 sm
1698 486 1747 525 ab
1780 487 1906 526 Attico
1930 488 2118 527 inseitum
2144 487 2258 525 uncis
2273 487 2336 524 in—

1291 545 1404 586 clusi.
1424 567 1478 576 ——
1496 546 1687 584 Praeteiea
1713 555 1898 585 annotate
1914 547 2031 595 libet,
2057 548 2096 585 in
2118 545 2339 598 praeceden-

1291 604 1397 644 tibus
1413 606 1426 656 (
1442 607 1491 647 cf.
1517 614 1597 645 not.
1618 608 1657 658 ⁸)
1679 605 1800 645 verba
1812 606 1888 645 οὐδὲ
1909 608 1927 645 6
1947 612 2021 650 ταῖς
2024 607 2268 678 Πριαμικαῖς
2276 604 2338 642 τύ-

1291 679 1371 716 zai<
1391 680 1620 718 συνΕχΟμΕΧΟς
1640 664 1770 703 δύναιτ’
1794 665 1834 703 ἂν
1855 666 2068 716 ΕὔΟαῑμΟνῶν
2090 664 2150 703 καὶ
2172 663 2341 716 μακαρῑθς

1293 709 1551 763 εἷναιτιηεῐειιί
1589 724 1637 762 ad
1669 725 1890 763 Aristotelis
1923 725 2052 764 locum
2090 726 2158 776 qui
2202 725 2343 775 legitur

1257 783 1416 846 Ezlnic.
1442 783 1594 822 Nicom.
1614 783 1685 822 lib.
1704 783 1736 830 Ι,
1758 797 1841 834 cap.
1864 783 1932 832 XI,
1951 797 2041 835 pag.
2070 797 2182 821 1101.
2203 783 2249 823 A.
2278 783 2341 823 ed.

232 845 524 894 odor.Sic.lV‚
547 844 612 884 85.
638 831 1120 896 Apollon.Rhod.1,48l,.
1144 842 1231 881 Vir·
1257 847 1263 872 ¹
1292 843 1454 883 Bekker.
1477 842 1539 881 lbi
1567 845 1669 881 enim
1691 842 1965 892 Stagiritesita
1986 842 2157 882 scnibit:
2181 843 2261 880 εἶδ’
2284 841 2342 879 οὔ·

1290 918 1379 954 τως,
1402 902 1518 946 ἄθλιος
1539 902 1581 953 μὲ
1567 918 1601 940 εν
1620 902 1784 945 οὐδέποτε
1815 902 1939 954 γένοιτ’
1972 919 2013 941 αν
2035 905 2052 940 6
2076 902 2172 941 εὐδαί
2162 918 2267 954 μ·ων,
2300 902 2339 940 οὐ

1291 960 1360 1010 μὴν
1383 959 1553 1014 μακάριός
1570 976 1629 1010 γε,
1650 959 1692 999 ἂν
1708 961 1929 1012 Πριαμικαῖς
1947 961 2067 1014 τύχαις
2089 960 2304 1015 περιπέσῃ.)

1343 1033 1372 1059 3.
1402 1019 1519 1061 Πάλιν
1542 1019 1700 1063 Μωσέως
1720 1019 1780 1058 καὶ
1809 1023 1877 1058 τῶν
1899 1021 1984 1074 παρ’
2004 1019 2185 1075 Ἑὸραίοις
2206 1037 2344 1076 προφη-

1291 1081 1382 1128 τῶν,
1404 1082 1442 1119 οὗ
1461 1079 1531 1131 μὴν
1549 1078 1640 1119 ἀλλὰ
1668 1079 1729 1118 καὶ
1762 1078 1954 1124 Πλάτωνος
1974 1079 2103 1125 τούτοις
2125 1081 2342 1134 συμφώνως,

1290 1139 1348 1179 τὸν
1371 1139 1531 1193 περὶτῆς
1550 1141 1618 1178 τῶν
1640 1138 1731 1177 ὅλων
1754 1139 1918 1191 προνοίας
1946 1137 2047 1190 λόγον
2075 1141 2240 1193 εὖκρινῶς
2265 1142 2345 1180 δια-

1290 1198 1509 1250 τεθειμένων·
1537 1200 1555 1236 6
1575 1196 1816 1251 Ἀριστοτέλης
1840 1196 1945 1251 μέχρι
1975 1197 2124 1245 σελήνης
2152 1198 2286 1246 στήσας
2306 1198 2345 1238 τὸ

1290 1258 1399 1306 θεῖον,
1434 1256 1478 1297 τὰ
1502 1257 1612 1296 λοιπὰ
1639 1260 1700 1295 τοῦ
1723 1255 1857 1306 κόσμου
1878 1256 1968 1310 μέρη
1990 1256 2198 1309 περιγράφει
2220 1258 2260 1295 ἐκ
2284 1260 2345 1304 τῆς

1290 1321 1350 1356 τοῦ
1374 1319 1453 1356 θεοῦ
1472 1314 1688 1364 διοικήσεως.
1707 1319 1722 1338 ⁸
1745 1315 1826 1369 Ἐφ’
1847 1309 1895 1359 οἷς
1915 1315 1975 1355 καὶ
2000 1316 2234 1368 ἀπελέγχεται
2254 1315 2341 1369 πρὸς

1291 1379 1350 1414 τοῦ
1374 1375 1586 1424 δηλωθέντος
1599 1404 1609 1422 ,
1629 1369 1699 1414 ὧδέ
1721 1391 1772 1423 πη
1793 1374 1988 1420 διεξιόντος.
2013 1371 2187 1425 ”Οντος’δ’
2208 1375 2259 1414 ἔτι
2281 1391 2343 1427 με-

1290 1435 1410 1487 γίστου
1430 1434 1491 1474 καὶ
1509 1434 1725 1488 κυριωτάτου
1743 1437 1813 1475 τῶν
1835 1435 1882 1479 εἷς
1899 1433 2122 1485 εὐδαιμονίαν
2138 1434 2343 1474 συντελούν-

1290 1510 1358 1534 των
1378 1498 1438 1534 rob
1458 1494 1538 1547 περὶ
1559 1497 1619 1541 τῆς
1645 1493 1807 1548 προνοίας
1834 1494 2048 1545 πείσματος,
2069 1493 2088 1532 ὃ
2109 1494 2151 1542 δὴ
2183 1494 2244 1534 καὶ
2271 1495 2344 1546 μά-

1290 1555 1395 1594 λιστα
1416 1554 1474 1593 τὸν
1503 1553 1718 1607 ἀνθρώπινον
1747 1557 1821 1607 βίον
1842 1555 1955 1607 ὀρθοῖ,
1987 1555 2058 1605 εἴγε
2080 1554 2129 1605 μὴ
2153 1552 2342 1606 μέλλοιμεν

1292 1615 1450 1667 ἀγνοεῖν,
1474 1613 1620 1666 πότερον
1655 1611 1707 1662 δὴΔ
1721 1615 1803 1652 κατ’
1834 1614 1930 1665 ἴχνος
1960 1611 2080 1651 ὕπτιον
2099 1611 2156 1659 ῧῆ
2187 1614 2343 1658 σκολιαῖς

1292 1673 1446 1717 ἀπάταις
1476 1671 1637 1723 ε’μὸαίνει
1656 1676 1671 1696 ‘²
1692 1672 1899 1725 ἐπιχθονίων
1932 1672 2029 1724 γένος
2048 1673 2199 1725 ἀνδρῶν.
2232 1671 2277 1712 Ὁ
2299 1672 2343 1721 δὴ

1290 1732 1445 1771 Πλάτων
1475 1732 1523 1776 εἷς
1552 1731 1625 1771 θεὸν
1658 1732 1719 1771 καὶ
1751 1733 1790 1771 ἐκ
1822 1735 1899 1770 θεοῦ
1912 1731 2034 1770 4ποίντα
2059 1731 2217 1770 ἀνάπτει.
2240 1729 2338 1774 Φησὶ

1288 1791 1356 1844 γὰρ
1374 1791 1477 1830 αὐτὸν
1495 1793 1566 1844 ἀρ]
1567 1790 1608 1838 ήν
1633 1808 1671 1830 τε
1689 1807 1750 1830 και
1777 1790 1869 1842 μέσα
1889 1807 1949 1830 και
1971 1790 2179 1839 τελευτὴν(Ι
2199 1807 2269 1830 των
2287 1794 2342 1830 ὄν-

1288 1867 1357 1891 των
1380 1850 1546 1890 ἁπάντων
1573 1849 1719 1904 ἔχοντα,
1743 1851 1855 1903 εὐθείᾳ
1876 1850 2051 1903 περαίνειν
2068 1866 2234 1905 περιπορε
2238 1850 2342 1903 υόμε·

1288 1927 1357 1951 νον.
1394 1912 1466 1951 Καὶ
1487 1903 1532 1948 αυ
1552 1910 1658 1948 πάλιν
1681 1910 1786 1964 φησὶν
1813 1911 1914 1950 αὐτὸν
1934 1910 2062 1961 ἀγαθὸν
2089 1903 2199 1963 εἶναι,
2221 1912 2341 1964 ἀγαθῶ

1289 1970 1325 2010 δὲ
1349 1971 1494 2022 μηδένα
1502 1970 1624 2024 φθόνον
1656 1970 1876 2024 ἐγγίγνεσθαι
1903 1970 1983 2024 περὶ
2018 1970 2177 2021 μηδενός.
2206 1973 2339 2010 Τουτον

1289 2030 1324 2070 δὲ
1351 2031 1396 2068 τὰ
1416 2028 1512 2074 ε’κτος
1546 2028 1696 2067 αὐτοῦ’
1676 2044 1760 2069 οντα
1781 2029 1896 2068 πάντα
1917 2033 1931 2051 ⁰
1953 2029 2007 2068 ὅτι
2036 2029 2192 2078 μάλιστα
2225 2029 2339 2082 ἀγαΟὰ

1288 2095 1419 2138 ποιεῖν,
1435 2089 1483 2133 εἷς
1502 2087 1597 2134 τάξιν
1620 2088 1750 2140 ἄγοντα
1773 2090 1813 2127 ἐκ
1844 2091 1906 2136 τῆς
1934 2087 2091 2134 ἀταξίας.
2131 2089 2279 2128 Πάντων
2304 2089 2339 2128 δίε

1288 2147 1562 2201 ἐπιμελούμενον
1598 2147 1660 2187 καὶ
1691 2148 1809 2187 πάντα
1840 2147 1932 2186 κατὰ
1965 2148 2110 2198 δύναμιν
2141 2152 2340 2199 κοσμοῦντα

1286 2207 1553 2263 πεφροντικέναι
1570 2206 1631 2247 καὶ
1656 2210 1723 2247 τῶν
1745 2206 1950 2260 ἀνθρώπων.
1977 2207 2049 2247 Καὶ
2072 2206 2162 2259 μετὰ
2188 2210 2339 2261 βραχέα·

1286 2267 1354 2308 καὶ,
1368 2270 1386 2306 6
1407 2267 1469 2318 μὲν
1489 2266 1643 2305 Πλάτων
1663 2265 1784 2311 οὕτως.
1809 2266 1855 2306 ‘O
1874 2267 1910 2305 δὲ
1925 2265 1988 2314 τὴν
2004 2266 2187 2317 δαιμονίαν
2206 2268 2339 2315 ταύτην

1287 2326 1387 2381 φύσιν
1406 2327 1564 2366 ἐκποδὼν
1580 2326 1783 2377 ποιούμενος
1794 2355 1804 2374 ,
1827 2326 1886 2364 καὶ
1905 2325 1970 2373 ’τήν
1987 2341 2026 2376 γε
2042 2326 2193 2367 εἰσαῦθις
2210 2325 2335 2365 ἐλπίδα

1287 2389 1349 2434 τῆς
1377 2388 1494 2439 ψυχῆς
1515 2386 1746 2438 ἀποτέμνων,
1771 2384 1834 2432 τήν
1856 2400 1895 2423 τε
1926 2385 1962 2423 ἐν
1994 2386 2044 2437 τῷ
2074 2384 2220 2436 παρόντι
2255 2386 2339 2438 πρὸς

1287 2446 1364 2490 τοὺς
1381 2445 1580 2499 κρείττονας
1598 2445 1610 2470 ¹
1630 2445 1814 2485 εὗλάὸειαν
1850 2444 2122 2499 ἀφαιρούμενος,
2151 2444 2230 2484 τίνα
2252 2446 2338 2499 πρὸς

1289 2505 1466 2546 Πλάτωνα
1494 2506 1568 2559 ἔχει
1593 2504 1794 2554 κοινωνίαν,
1826 2503 1848 2552 ἢ
1875 2506 1948 2548 πῶς
1976 2503 2016 2542 ἂν
2040 2505 2093 2558 ἐφ’
2125 2504 2148 2543 ἃ
2179 2505 2339 2558 βούλεται

1290 2565 1440 2605 Πλάτων
1473 2566 1722 2618 παρακαλέσαι
1751 2564 1810 2603 καὶ
1830 2563 2048 2604 πιστώσαιτο
2067 2563 2111 2603 τὰ
2143 2565 2336 2618 εἷρημενα;

1291 2625 1368 2663 Πᾶν
1390 2623 1456 2677 γὰρ
1476 2623 1698 2672 τούναντίον,
1727 2624 1890 2676 συνεργὸς
1912 2622 1952 2662 ἂν
1970 2617 2067 2668 οὗτός
2083 2639 2121 2676 γε
2144 2623 2204 2663 καὶ
2225 2640 2334 2664 συνα-

86 2686 123 2726 ’ζ’
174 2657 488 2731 {zdessevigeri
493 2680 737 2732 conjectur3a
765 2682 878 2721 codd.
900 2698 952 2736 τῳ
973 2699 1016 2734 με
1019 2684 1217 2736 γαλοφωνο-
1254 2692 1258 2732 Ι
1287 2699 1392 2734 γιιυινι
1387 2682 1458 2729 τὴς
1478 2685 1545 2721 τῶν
1570 2683 1758 2723 ἐθελόντων
1779 2686 1912 2723 ἀδικεῖν
1936 2684 2071 2737 φανείη.
2098 2686 2176 2729 Πᾶς
2202 2684 2270 2738 γάρ
2287 2702 2337 2731 τις

82 2762 155 2852 ζ·’”;”·’>
159 2768 243 2839 ’818
243 2813 279 2837 ιιι
298 2803 443 2838 maximo
461 2804 527 2839 hoc
539 2807 573 2839 et
589 2806 756 2848 praecipuo
773 2806 815 2839 de
833 2806 990 2840 felicitate
1005 2807 1126 2850 placito
1141 2808 1227 2841 inter
1287 2809 1353 2840 tem
1381 2810 1520 2850 prosunt
1541 2816 1595 2841 res
1623 2818 1689 2841 una
1709 2808 1857 2842 omnium
1887 2809 2033 2842 maxima
2049 2811 2083 2843 ct
2106 2810 2277 2851 potissima
2296 2809 2338 2844 de

1285 2868 1503 2910 providentiae
1523 2868 1554 2902 vi
1575 2869 1747 2911 persuasio
1779 2869 1841 2907 sit
1863 2879 1939 2911 quae
1965 2870 2019 2904 vel
2048 2870 2192 2904 maxime
2217 2870 2336 2904 buma-

1284 2936 1360 2961 nam
1374 2927 1478 2961 vitam
1508 2928 1627 2971 erigit,
1651 2929 1682 2962 si
1712 2929 1846 2962 minime
1872 2929 2085 2972 ignoremus,
2106 2931 2222 2964 utrum
2242 2933 2336 2964 recto

1282 2987 1400 3020 itinere
1437 2997 1478 3021 an
1508 2997 1568 3031 per
1604 2998 1754 3023 errorum
1778 2989 1887 3023 flexus
1919 2991 2127 3023 terrestrium
2161 2991 2332 3024 hominum

1283 3057 1385 3089 genus
1404 3048 1535 3082 incedat
1553 3062 1560 3081 :
1579 3049 1674 3083 Plato
1697 3049 1806 3083 munla
1837 3050 1879 3085 ad
1897 3050 1996 3083 deum
2030 3053 2203 3084 auctorem
2232 3052 2334 3086 refert

1282 3108 1379 3150 eique
1388 3112 1509 3142 cuncta
1525 3109 1687 3143 vindicat.
1705 3110 1795 3144 Dicit
1805 3111 1893 3144 enim
1904 3120 1980 3144 eum
1995 3111 2043 3144 ita
2054 3121 2166 3145 rerum
2181 3113 2329 3145 omnium

1282 3167 1498 3210 principium,
1521 3169 1634 3202 media
1657 3169 1822 3212 finemque
1856 3174 1966 3204 tenere
1983 3197 1991 3211 ,
2024 3173 2063 3204 ut
2086 3175 2177 3205 recta
2200 3182 2331 3215 semper

1281 3237 1338 3261 ras
1368 3228 1522 3263 obeundo
1555 3230 1717 3274 perficiat.
1766 3232 1882 3265 Tradit
1916 3233 2052 3275 insuper
2084 3233 2207 3266 bonum
2234 3233 2329 3267 illum

1281 3295 1376 3328 esse,
1405 3287 1531 3323 bonum
1555 3292 1666 3324 autem
1687 3290 1812 3324 nemini
1844 3301 1993 3334 unquam
2022 3292 2090 3325 ulle
2123 3294 2155 3325 in
2187 3303 2222 3326 re
2243 3293 2328 3326 invi-

1279 3346 1370 3380 dere.
1415 3350 1512 3381 Hunc
1547 3359 1628 3384 vero
1667 3360 1744 3393 quoe
1762 3354 1859 3385 extra
1898 3362 1937 3386 se
1966 3353 2033 3386 sint
2067 3363 2169 3394 quam
2205 3355 2329 3395 optima

1278 3408 1403 3440 cuneta
1421 3408 1558 3444 efficere
1590 3420 1631 3444 ex
1660 3412 1911 3454 perturbatione
1944 3414 1976 3446 in
2005 3414 2156 3446 ordinem
2179 3414 2325 3448 redacta.

1279 3466 1429 3510 Denique
1459 3470 1516 3512 qui
1545 3471 1692 3505 omnium
1720 3481 1835 3506 curam
1861 3474 1938 3514 agat
1956 3476 2056 3515 alque
2073 3473 2129 3506 illa
2149 3482 2209 3516 pro
2230 3475 2324 3515 pote-
