2508 3776
286 238 291 243 ⁸
306 187 386 227 430

307 268 410 321 ἧττον
428 270 536 309 κακόν
563 271 635 308 ἐστι
662 270 724 307 τοῦ
758 267 907 306 ἀδικεῖν·
929 265 1022 307 κατὰ
1054 267 1279 317 συμὸεὸηκὸς
1310 267 1346 307 δὲ

306 332 401 371 οὐδὲν
424 329 549 368 κωλύει
569 327 630 366 καὶ
649 333 766 379 χεῖρον
785 319 870 365 εἶναι
883 356 894 374 ,
917 325 1003 366 διότι
1031 327 1159 375 συνέζη
1179 327 1347 370 πολλάκις

306 391 345 429 τὸ
366 390 562 427 ἀδικεῖσθαι
593 385 747 437 μείζονος
781 385 917 437 βλάὸης
945 384 1063 425 αἴτιον
1083 386 1243 438 γενέσθαι
1261 382 1284 431 ἢ
1303 384 1344 423 τὸ

307 448 450 487 ἀδικεῖν·
472 446 592 498 ὥσπερ
617 444 650 484 εἴ
667 460 717 489 τις
730 443 787 482 διὰ
814 443 853 483 τὸ
876 438 1072 484 ἀδικεῖσθαι
1094 444 1262 498 ὀργισθεὶς
1279 446 1347 495 πῦρ

307 509 417 560 ἀνῆψε
437 509 479 557 τῆ
501 510 562 545 τοῦ
583 505 783 550 ἀδικοῦντος
802 504 913 558 οἰκίᾳ,
934 505 1065 544 ἐκεῖθεν
1081 503 1117 543 δὲ
1133 503 1260 551 συνέὸη
1274 509 1348 542 πᾶ-

306 582 370 605 σαν
391 567 638 618 ἐμπρησθῆναι
657 563 720 612 τὴν
741 562 856 604 πόλιν.
881 563 1009 615 “Ὀμως
1030 563 1066 602 δὲ
1084 563 1144 602 καὶ
1161 562 1251 601 οὕτω
1272 563 1348 613 μεῖ-

306 628 362 671 ζον
381 625 490 664 κακὸν
510 625 551 664 τὸ
573 625 717 663 ἀδικεῖν·
749 622 845 661 οὐδὲν
875 621 944 677 γὰρ
965 621 1049 662 αὐτὸ
1081 623 1205 660 ἑαυτοῦ
1233 627 1350 674 χεῖρον

306 685 363 724 διὰ
377 684 422 723 τὰ
442 682 705 734 συμὸεὸηκότα·
727 681 804 721 ἐπεὶ
823 681 902 721 οὐδὲ
923 683 1100 735 πλευρῖτις
1118 680 1262 720 ἔλαττον
1282 696 1348 719 κα-

306 744 366 784 κόν
382 746 456 783 ἐστι
469 747 527 783 τοῦ
550 741 874 797 προσπταίσματος,
890 740 976 780 διότι
995 740 1125 788 συνέὸη
1143 740 1220 779 τινὰ
1241 755 1350 794 προσ·

304 803 503 843 πταίσαντα
532 802 600 843 ὑπὸ
624 804 693 841 τῶν
722 800 902 853 πολεμίων
923 801 1099 855 ληφθῆναι
1129 799 1187 840 καὶ
1214 802 1344 839 ἀποθα-

305 879 385 902 νειν.

358 922 409 962 Τὸ
430 921 492 973 μὲν
511 914 569 962 οῧν
588 920 714 975 κυρίως
735 920 869 959 δίκαιον
889 920 951 959 καὶ
973 920 1104 970 ἄδικον,
1125 919 1185 958 καὶ
1213 920 1346 958 δικαιο-

305 982 391 1031 σύνη
411 982 472 1021 καὶ
501 981 643 1030 ἀδικία,
664 979 710 1020 τὰ
742 980 910 1034 εἰρημένα
931 980 1021 1020 ἔστί.
1047 980 1198 1032 Λέγεται
1231 978 1266 1017 δὲ
1290 979 1349 1018 καὶ

306 1042 391 1082 ἄλλο
411 1042 448 1080 οὔ
468 1040 616 1094 κυρίως,
637 1039 729 1079 ἀλλὰ
750 1039 841 1079 κατὰ
863 1038 1061 1094 μεταφορὰν
1083 1039 1143 1079 καὶ
1160 1038 1350 1091 ὁμοιότητα

305 1104 365 1140 τοῦ
381 1099 538 1148 δικαίου,
565 1099 651 1152 ὅπερ
672 1099 745 1152 ἔχει
766 1114 817 1143 τις
842 1098 928 1152 πρὸς
948 1097 994 1137 τὰ
1027 1100 1164 1136 ἑαυτοῦ·
1188 1097 1309 1150 ὥσπερ
1332 1100 1350 1136 ὁ

306 1159 475 1206 δεσπότης
507 1158 595 1212 πρὸς
616 1158 672 1197 τὸν
694 1159 838 1206 δοῦλον,
875 1156 936 1211 καὶ
966 1160 984 1196 ὃ
1018 1157 1136 1208 πατὴρ
1175 1156 1260 1208 πρὸς
1293 1155 1350 1194 τὸν

306 1217 393 1256 υἱόν.
416 1220 505 1256 Καθ’
523 1216 618 1255 ὃκαὶ
638 1219 660 1264 ἡ
682 1216 778 1268 ψυχὴ
808 1216 892 1269 πρὸς
911 1217 952 1254 τὰ
974 1218 1098 1263 ἑαυτῆς
1121 1215 1211 1267 μέρη
1232 1214 1351 1253 δικαία

304 1275 505 1328 λέγεται,ἢ
541 1275 670 1319 ἄδικος·
698 1274 759 1314 καὶ
791 1275 831 1314 τὸ
854 1275 994 1328 λογικὸν
1021 1278 1080 1313 τοῦ
1121 1274 1247 1326 ἀλόγου
1277 1272 1350 1312 διέ-

306 1348 427 1384 στηκε·
465 1334 526 1374 καὶ
547 1334 586 1373 τὸ
621 1333 685 1385 μὲν
705 1333 843 1384 λογικὸν
866 1334 966 1386 ἄρχει
997 1333 1056 1372 καὶ
1075 1332 1219 1384 τάττει,
1240 1331 1280 1371 τὸ
1315 1330 1351 1370 δὲ

305 1394 429 1446 ἄλογον
462 1394 607 1447 ἄρχεται
627 1391 689 1431 καὶ
709 1392 887 1432 τάττεται.
925 1392 1017 1444 Πρὸς
1037 1391 1055 1430 ὃ
1085 1390 1127 1439 δή
1152 1407 1241 1435 τινες
1265 1390 1350 1442 βλέ-

304 1468 425 1498 ποντες
443 1452 638 1503 νομίζουσιν
659 1451 789 1489 ἀδικεῖν
805 1466 881 1490 τινα
897 1451 1018 1490 ἑαυτὸν
1040 1450 1099 1490 καὶ
1118 1451 1282 1489 δικαιοῦν·
1298 1447 1352 1490 ὅτι

305 1512 387 1551 ποτὲ
408 1511 471 1563 μὲν
492 1514 510 1549 ὃ
534 1511 635 1562 λόγος
652 1511 833 1550 ἀκολουθεῖ
852 1512 902 1563 τῷ
921 1510 1059 1562 ἀλόγω,
1083 1508 1166 1548 ποτὲ
1188 1509 1224 1548 δὲ
1248 1509 1345 1548 ἀντί-

305 1587 435 1619 κειται,
458 1569 540 1608 ὅταν
561 1586 612 1613 τις
639 1574 723 1623 ποιῇ
750 1568 848 1622 παρὰ
868 1568 929 1613 τὰς
960 1571 1083 1608 ἑαυτοῦ
1116 1567 1254 1621 ὀρέξεις·
1289 1568 1351 1608 καὶ

306 1631 441 1683 ἔχουσιν
463 1628 582 1683 ὥσπερ
614 1628 721 1682 ἄρχον
752 1629 838 1682 πρὸς
879 1629 1086 1681 ἀρχόμενον·
1118 1628 1178 1666 καὶ
1208 1627 1344 1667 δίκαιόν

306 1692 398 1728 ἐστιν
417 1691 450 1728 ἐν
472 1690 589 1733 αὐτοῖς
602 1718 612 1735 ,
633 1687 718 1741 ὅπερ
738 1690 772 1727 ἐν
802 1688 988 1741 ἀρχομένῳ
1007 1687 1066 1726 καὶ
1085 1687 1240 1740 ἄρχοντι.
1260 1685 1351 1739 Περὶ

307 1748 368 1798 μὲν
387 1743 444 1787 οὖν
466 1745 686 1794 δικαιοσύνης
706 1747 765 1786 καὶ
783 1749 851 1785 τῶν
870 1746 985 1785 ἄλλων
1005 1749 1073 1785 τῶν
1106 1748 1237 1794 ἠθικῶν
1267 1747 1349 1799 ἀρε-

307 1809 375 1845 τῶν
395 1805 568 1858 διωρίσθω
587 1807 645 1845 τὸν
666 1805 794 1858 τρόπον
816 1808 948 1844 τοῦτον.

361 1865 535 1918 (Scripsi
559 1879 567 1903 z
592 1883 607 1900 a
625 1867 676 1919 τῷ
699 1865 872 1914 πλησίον,
894 1865 979 1905 cod.
1008 1869 1067 1905 τοῦ
1082 1862 1247 1913 πλησίον.
1270 1864 1346 1916 —)

1125 177 1410 219 ANDRONICI
1441 176 1618 216 RHODlI
2235 182 2254 194 ·

1408 270 1466 304 sed
1508 279 1573 302 non
1597 269 1817 311 vituperatur,
1846 269 1925 312 quia
1959 279 2056 304 nemo
2092 270 2227 314 propter
2253 269 2323 312 imp

1407 323 1476 353 tem
1518 321 1577 352 aut
1616 318 1707 352 aliud
1744 318 1912 361 quoddam
1955 319 2076 352 vitium
2117 319 2272 362 injuriam
2309 316 2454 361 pamm-‚1

1408 373 1516 409 Quare
1544 377 1603 411 per
1630 377 1666 402 se
1683 369 1820 411 quidem
1849 368 1996 410 accipere
2014 369 2168 411 injuriam
2187 368 2298 402 minus
2325 367 2459 404 malum·

1409 422 1476 458 est,
1512 427 1614 461 quam
1650 417 1772 451 inferre
1800 432 1809 451 ι
1847 426 1906 460 per
1933 417 2084 451 accidens
2117 427 2196 451 vero
2235 417 2319 451 nihil
2359 418 2463 452 vetati

1409 467 1507 500 etiam
1525 466 1619 509 pejus
1638 475 1726 506 esse;
1751 467 1832 509 quia
1857 467 1896 499 tit
1920 475 2144 509 saepenumero
2157 491 2165 507 ,
2182 469 2220 500 ut
2243 467 2323 501 laedi
2335 459 2470 508 damni„

1408 516 1541 559 majoris
1558 525 1657 548 causa
1676 516 1719 548 sit
1732 525 1833 559 quam
1850 515 1971 549 laedere
1994 529 2002 550 z
2018 518 2056 549 ut
2070 516 2097 549 si
2116 516 2192 559 quis
2204 516 2323 560 injuria
2338 515 2453 549 irrita-

1410 570 1465 600 tus
1477 566 1603 609 aliqua,
1625 567 1696 608 eJus
1714 575 1734 599 a
1746 575 1813 608 quo
1829 565 1985 608 injuriam
2001 566 2127 608 accepit
2151 568 2238 600 tecto
2249 565 2360 608 iguem
2373 565 2452 608 inji-

1410 617 1494 657 ciat,
1511 618 1612 659 atque
1627 616 1717 648 illinc
1730 618 1799 648 tota
1813 616 1891 648 urbs
1908 615 2111 649 incendatur.
2133 614 2355 649 Nihilominus
2369 624 2453 649 vero
2478 622 2479 626 ¹

1411 667 1509 700 etiam
1522 667 1570 699 sic
1589 667 1696 709 maJus
1713 666 1839 699 malum
1856 667 1907 699 est
1931 665 2050 699 laedere
2073 676 2080 698 ε
2099 664 2182 698 nihil
2209 664 2296 698 euim
2317 666 2468 708 propter
2483 679 2486 682 >
2504 698 2508 706 A

1410 716 1560 750 accidens
1579 717 1673 758 pejus
1703 725 1738 749 se
1762 716 1834 758 ipso
1859 717 1910 749 est
1934 725 2064 758 :quum
2085 723 2127 748 ne
2152 714 2296 747 laterum
2315 713 2454 757 quidem
2478 712 2508 756 ’Υ

1411 768 1504 801 dolor
1519 770 1630 800 minus
1652 767 1777 800 malum
1794 767 1854 805 sit,
1878 775 1980 809 quam
2001 765 2096 808 pedis
2119 763 2278 804 offensio.
2293 760 2373 807 quia
2391 761 2455 796 ali-
2485 757 2492 808 ἶ

1410 818 1542 862 quando
1555 818 1693 858 accidit,
1715 820 1754 851 ut
1775 817 1911 860 quidam
1928 818 2144 859 posteaquam
2162 812 2280 857 pedem
2295 810 2455 846 offendis-
2489 814 2493 846 Ξ

1412 870 1461 901 set
1483 870 1655 910 caperetur
1674 867 1715 900 ab
1731 866 1883 899 hostibus
1896 868 1997 908 atque
2018 863 2270 897 interficeretur.
2490 866 2494 877 ”

1452 926 1586 969 Proprie
1606 926 1707 968 igitur
1716 926 1772 968 jus
1784 927 1816 959 et
1835 924 1956 967 inJuria
1968 949 1976 965 ,
1988 923 2120 966 Justitia
2141 922 2224 956 item
2238 922 2341 964 atque
2364 919 2454 963 inju-

1412 987 1502 1020 stitia
1520 988 1598 1020 sunt
1626 995 1664 1019 ea
1689 994 1766 1028 quae
1795 984 1952 1018 diximus.
1978 983 2109 1016 Dicitur
2127 990 2207 1016 vero
2229 981 2277 1015 ita
2305 981 2340 1014 et
2363 978 2457 1015 aliud

1411 1055 1476 1078 non
1502 1045 1651 1087 proprie,
1671 1043 1729 1076 sed
1750 1052 1808 1086 per
1826 1043 2074 1076 translationem
2091 1043 2125 1075 et
2148 1038 2389 1084 propter-juris
2405 1039 2455 1073 si·
2495 1038 2497 1041 ⁴

1413 1106 1637 1140 militudinem
1650 1132 1657 1145 ,
1683 1105 1774 1148 quod
1796 1104 1896 1138 habet
1917 1103 2037 1150 aliquis
2051 1102 2086 1135 in
2101 1111 2179 1142 sua,
2200 1102 2240 1134 ut
2251 1100 2406 1135 dominus
2422 1101 2456 1132 in

1413 1177 1544 1201 servum
1559 1168 1594 1200 et
1613 1168 1707 1209 pater
1722 1166 1755 1198 in
1773 1165 1889 1198 filium.
1907 1162 2195 1203 Quemadmodum
2207 1162 2241 1195 et
2257 1159 2368 1195 auium
2379 1169 2458 1194 sua-

1411 1235 1486 1258 rum
1503 1226 1647 1268 partium
1666 1226 1818 1267 respectu
1841 1224 1932 1266 justa
1954 1222 2008 1256 vel
2037 1221 2161 1264 injusta
2179 1219 2391 1264 appellatur:
2408 1219 2456 1252 ita
2478 1219 2487 1227 ²

1414 1284 1574 1317 rationale
1597 1283 1639 1317 ab
1653 1293 1691 1317 eo
1721 1283 1811 1326 quod
1842 1271 2002 1316 rationem
2021 1290 2087 1314 non
2105 1280 2224 1319 habet,
2243 1277 2359 1313 differt
2376 1292 2385 1312 ι
2405 1287 2458 1312 ra·
2503 1271 2505 1276 ¹

1413 1343 1534 1376 tionale
1564 1343 1651 1376 enim
1678 1343 1875 1385 imperatae
1895 1340 2058 1383 disponit,
2083 1338 2176 1382 <mod
2194 1338 2321 1373 ratione
2347 1338 2452 1376 earet,
2496 1359 2505 1379 s

1413 1404 1506 1445 paret
1523 1411 1562 1435 ac
1581 1401 1783 1444 disponitur.
1802 1400 1899 1439 Quod
1918 1400 2026 1443 ipsum
2040 1398 2207 1432 intuentes
2219 1394 2368 1431 nonnulli
2386 1396 2459 1430 exi·
2506 1403 2508 1407 ⁴

1415 1460 1572 1499 stimant,
1606 1469 1704 1503 posse
1734 1459 1878 1502 aliquem
1906 1458 1961 1492 vel
1997 1458 2086 1500 juste
2114 1456 2169 1490 vel
2195 1455 2317 1497 injuste
2345 1442 2504 1494 secuml-³*

1414 1529 1510 1562 agere
1531 1531 1539 1552 :
1558 1519 1650 1562 quod
1671 1518 1770 1551 modo
1792 1518 1875 1551 ratio
1896 1517 1931 1550 id
1949 1516 2040 1560 quod
2066 1514 2255 1549 irrationale
2273 1515 2324 1548 est
2342 1507 2457 1556 sequi-
2500 1500 2508 1507 Ἴ

1416 1582 1484 1621 tur,
1497 1579 1596 1612 modo
1615 1579 1646 1612 ei
1672 1577 1868 1620 refragatur,
1887 1587 1992 1620 quum
2016 1576 2088 1619 {uis
2104 1574 2231 1618 aliquid
2250 1573 2394 1608 alienum
2416 1572 2458 1606 ab

1412 1638 1668 1681 appetitionibus
1690 1638 1759 1671 suis
1783 1637 1863 1670 facit
1885 1647 1892 1668 :
1918 1636 2108 1678 habentque
2138 1643 2173 1668 se
2198 1634 2250 1667 hoe
2269 1635 2400 1677 partes,
2418 1634 2458 1666 ut

1412 1698 1447 1730 id
1468 1697 1558 1740 quod
1568 1697 1710 1739 imperat
1726 1696 1770 1729 ad
1785 1695 1869 1729 illud
1888 1694 1978 1738 quod
1997 1694 2090 1737 paret
2107 1707 2115 1728 ι
2130 1684 2287 1736 idemque
2302 1691 2357 1725 his
2371 1691 2458 1724 inter
2506 1696 2508 1702 ’

1415 1766 1450 1790 se
1467 1757 1521 1799 jus
1538 1758 1608 1795 est,
1629 1755 1719 1799 quod
1742 1757 1792 1789 est
1806 1755 1891 1788 inter
1905 1754 1941 1788 id
1960 1753 2050 1797 quod
2069 1754 2163 1796 paret
2187 1753 2220 1785 et
2234 1751 2270 1785 id
2284 1749 2376 1794 quod
2394 1750 2459 1784 im-

1414 1817 1519 1858 perat.
1536 1817 1586 1848 De
1606 1815 1737 1857 justitia
1753 1814 1856 1856 igitur
1870 1813 2066 1856 caeterisque
2078 1810 2263 1846 virtutibus
2277 1808 2458 1844 moralibus

1414 1874 1477 1907 hoo
1492 1872 1591 1907 modo
1607 1872 1810 1916 explicatum
1824 1871 1877 1905 sit.
