2508 3776
139 246 279 303 [adm
294 247 336 288 τὸ
355 249 392 288 ἐν
407 250 458 303 τῷ
475 251 572 304 αὐτῷ
600 250 787 302 νέμεσθαι·
806 251 848 291 τὸ
865 251 934 305 ἄρα
955 258 1110 292 συνεῖναι
1127 258 1202 298 τοῖς

60 308 66 322 ³
120 356 121 359 Ἰ
132 303 270 422 Q<
283 307 457 362 αἱρετόν’
441 324 515 349 εστι
535 326 586 364 τῳ
608 310 792 366 σπουδαίῳ
818 311 880 351 καὶ
902 312 994 360 ἡδύ·
1014 312 1033 353 ὃ
1057 313 1096 354 δέ
1117 315 1210 353 ἐστιν

131 363 162 390 '³³'
269 367 426 422 αἱρετόν,
445 372 548 409 τοῦτο
576 371 628 410 δεῖ
658 371 833 425 ὑπάρχειν
858 373 973 412 αὐτῶ·
1004 375 1035 412 εἷ
1066 373 1102 412 δὲ
1130 373 1207 424 μή,

13 464 17 486 ἲ,
71 434 73 438 ’
98 420 272 476 amq—3
290 427 390 468 ἔσται
417 432 519 468 τοῦτο
538 430 578 469 τὸ
607 429 769 485 μέρος,δ
799 431 954 470 ἐναντίον
984 431 1059 471 ἐστὶ
1082 435 1127 486 τῇ
1147 433 1208 471 εὔ-

12 507 18 545 ᾒ
70 518 98 562 ‘²1
81 479 332 563 ἶῖᾱὶμονία.
391 489 522 539 Δεήσει
564 489 635 546 ἄρα
673 493 724 530 τῶ
764 491 1056 544 εὖδαιμονήσοντι
1099 493 1208 547 φίλων

12 557 14 564 ·
55 564 97 597 υς..
110 539 368 615 ζ’ἷῆτουδαίων.

59 642 75 664 ..u
180 607 404 680 -(Scl·ipsi:
395 614 434 634 '⁸
453 611 621 664 κάκεῖνο]
638 610 726 652 cod.
746 613 901 665 κᾴκεῖνο.
915 633 969 642 —
1011 613 1100 665 πῆ]
1122 614 1208 654 cod.

54 667 55 671 ¹
91 670 107 687 ³
151 668 204 721 πῇ
219 668 418 724 -ΰζῴοις]
439 667 536 709 libri
552 670 667 717 ζώοις.
686 669 770 702 —d
788 671 829 710 τὸ
847 671 926 725 ζῆν]
944 611 1064 711 eodm
1053 673 1103 710 τῶ
1124 674 1200 719 ζην.

148 730 350 768 —²⁴tou·r'
381 727 484 783 ἔστι]
516 730 605 772 cod.
642 729 814 771 τουτέστι.
853 753 907 762 -
929 731 943 756 f
970 735 1060 770 νοεῖν
1090 731 1205 786 ἐστιν]

130 785 240 857 wad.
259 793 350 829 νοεῖν
373 789 484 831 ἐστίν.
501 789 579 842 -)

586 900 679 953 Κεφ.
712 898 775 939 ια’.

503 1012 581 1054 Περὶ
599 1012 697 1053 φίλων
718 1013 868 1055 ἀριθμοῦ.

143 1128 145 1131 “
167 1127 169 1130 ’
199 1114 225 1140 *
243 1114 349 1158 Ἐπεὶ
377 1115 415 1157 δὲ
445 1117 550 1172 χρεία
571 1120 622 1173 τῷ
658 1118 837 1171 εὐδαίμονι
865 1117 1004 1171 φίλων,
1036 1117 1204 1168 ζητητέον

146 1173 295 1231 πότερον
321 1177 510 1223 πλείστους
543 1177 700 1232 φίλους“
681 1195 727 1222 ως
764 1177 814 1218 ἔνι
848 1178 1006 1229 μάλιστα
1038 1177 1204 1226 ποιητέον

148 1234 272 1282 αὗτόν·
291 1233 495 1292 ἢκαθάπερ
518 1237 577 1278 ἐπὶ
607 1242 671 1286 τῆς
691 1237 804 1284 ξενίας
837 1237 974 1290 εἴρηται
997 1239 1112 1282 καλῶς
1144 1236 1205 1276 καὶ

146 1288 377 1349 ἃρμοδίως,
357 1313 405 1343 ως
427 1299 466 1337 οὗ
497 1298 548 1338 δεῖ
569 1295 652 1350 μήτ’
676 1297 808 1344 ἄξεινον
833 1291 945 1345 εἰναι,
977 1296 1068 1349 μήτε
1089 1297 1202 1338 πολύ-

56 1405 59 1412 ¹
139 1350 278 1410 ξεινον,
305 1354 398 1396 οὕτω
416 1373 478 1396 και
502 1357 647 1398 ἐπὶτῶν
677 1357 786 1411 φίλων
813 1357 904 1402 εἰκός
923 1359 996 1396 ἔστι
1016 1356 1100 1410 μήτ’
1120 1357 1204 1412 ἄφι-

27 1449 29 1451 .
57 1413 78 1454 ’ἴε
134 1406 208 1459 {xor
226 1406 337 1463 εἶναι,
359 1416 449 1469 μήτε
473 1417 684 1472 πολυφιλον.

68 1470 74 1475 ’
135 1474 152 1483 “’
187 1470 414 1531 **Λέγομεν
429 1476 543 1517 τοίνυν
564 1477 724 1529 ἐκεῖνο,”’
702 1493 756 1516 οτι
769 1479 900 1550 τριχῶς
909 1480 970 1525 τῆς
988 1477 1106 1531 φιλίας
1119 1478 1204 1518 διαι-

138 1520 332 1597 ρονμένης,
349 1536 412 1576 καὶ
428 1538 496 1591 τῆς·
510 1537 552 1588 μὲ
540 1553 572 1574 -ν
599 1535 656 1575 διὰ
678 1536 718 1575 τὸ
736 1536 914 1611 χρήσιμον
941 1535 1067 1586 οὔσης,
1091 1539 1152 1585 τῆς
1166 1537 1202 1576 δὲ

45 1620 50 1635 ;
139 1592 195 1650 δι’
208 1586 364 1646 ἡδονήν,
377 1600 441 1645 τῆς
461 1595 498 1635 δὲ
518 1600 579 1636 τοῦ
596 1598 761 1647 ἀγαθοῦ(
749 1596 851 1635 ε’νεκα
881 1596 942 1635 καὶ
969 1598 1030 1643 τῆς
1053 1598 1202 1649 ἀρετῆς·

43 1687 51 1691 Α,
94 1707 95 1710 ¹
142 1652 215 1698 τῶν
246 1653 312 1710 μὲν
332 1655 390 1694 διὰ
421 1656 463 1696 τὸ
479 1654 655 1710 χρήσιμον
685 1655 709 1702 ἢ
735 1655 798 1702 τὴν
821 1655 949 1702 ἡδονὴν
988 1655 1098 1709 φίλων
1132 1656 1204 1695 ὀλί-

139 1703 218 1768 γὼν
235 1712 279 1754 ἂν
296 1714 432 1768 γένοιτο
449 1714 572 1769 χρεία,
590 1714 748 1766 μάλιστα
769 1716 838 1752 τῶν
856 1713 918 1764 μὲν
943 1713 1000 1753 διὰ
1018 1714 1057 1752 τὸ
1079 1715 1203 1767 χρήσι-

146 1788 231 1826 μον,
246 1773 300 1819 ὅτι
313 1773 480 1827 ὀλίγοις*
457 1791 499 1815 αν
519 1791 573 1820 τις
587 1773 764 1848 ἀρκέσειεν
784 1773 807 1812 ἃ
823 1772 994 1827 χρῄζουσι
1009 1780 1025 1797 ³
1049 1775 1200 1826 βοηθεῖν,

145 1833 208 1878 ml
225 1835 266 1875 τὸ
283 1835 434 1881 πολλους
458 1831 661 1888 θεραπεύειν
684 1833 870 1881 ἐπίπονον,
900 1834 1058 1885 μάλιστα
1087 1836 1117 1873 εἰ
1136 1834 1198 1875 τύ-

143 1907 242 1952 χοιεν
262 1893 439 1949 περίεργοί
457 1910 548 1940 τινες
578 1893 698 1945 ὄντες,
721 1893 783 1933 καὶ
805 1895 988 1943 ζητοῦντες
1011 1895 1201 1949 θεραπεύε-

135 1955 229 2003 stu
245 1957 430 2009 περιττῶς.
723 1954 725 1956 ’

198 2011 264 2059 *²⁸⁸3*
291 2017 374 2056 Τῶν
411 2013 450 2055 δὲ
480 2014 540 2055 διὰ
566 2014 630 2064 τὴν
658 2015 810 2064 ἡδονήν,
843 2016 895 2055 ὅτι
929 2014 1049 2066 ὀλίγης
1079 2015 1204 2063 ἡδονης

134 2073 249 2128 χρεία
266 2076 320 2128 τῷ
341 2075 409 2131 βίῳ
438 2074 500 2115 καὶ
527 2075 702 2129 ἀνέσεως,
724 2076 886 2129 καθάπερ
914 2076 949 2114 ἐν
980 2074 1112 2129 εὐωχία
1141 2080 1203 2115 τοῦ

134 2130 362 2184 ἡδύσματος·

43 2230 59 2243 τι
146 2204 173 2233 l
197 2193 287 2219 Ν*
305 2195 390 2236 Τῶν
417 2194 454 2234 δὲ
479 2193 680 2234 σπουδαίων
693 2194 754 2234 καὶ
771 2193 829 2234 διὰ
849 2193 913 2242 τὴν
929 2171 1056 2247 ἀρετὴν
1081 2194 1142 2233 καὶ
1158 2195 1196 2233 τὸ

35 2252 68 2307 ἒ,
136 2253 274 2306 ἆγαίὸν
287 2254 500 2308 φιλούντων,
521 2253 693 2294 πλειόνων
713 2253 777 2306 μὲν
795 2271 846 2293 τω
869 2254 1050 2305 εὐδαίμονι
1064 2252 1194 2300 δεήσει.

47 2315 50 2317 ’
135 2312 248 2363 Πλὴν
259 2313 361 2355 ἔσται
375 2329 410 2354 τι
422 2314 484 2354 καὶ
500 2315 614 2354 αὐτῶν
632 2313 774 2368 μέτρον.
793 2316 965 2367 Καθάπερ
983 2313 1052 2366 γὰρ
1065 2312 1198 2357 πόλεώς

32 2414 61 2426 ,Δ
139 2372 218 2424 &ott
232 2373 380 2429 μέτρον,
402 2373 463 2413 καὶ
489 2372 567 2414 οὔτε
588 2375 628 2413 ἐκ
659 2373 744 2413 δέκα
767 2373 959 2427 ἀνθρώπων
997 2373 1126 2425 γένοιτ’
1155 2372 1197 2412 ἂν

34 2439 62 2484 ’,ν’
132 2430 263 2485 Ἶὲόλις,
285 2433 364 2472 οὔτε
380 2435 422 2474 ἐκ
441 2432 527 2473 δέκα
545 2433 725 2487 μυριάδων
738 2448 747 2456 ·
771 2434 810 2472 οὗ
832 2432 900 2486 γὰρ
924 2431 965 2471 ἂν
983 2433 1035 2472 ἔτι
1054 2430 1154 2477 πόλις
1172 2435 1193 2480 ἡ

51 2488 54 2489 ⁷
138 2487 288 2543 τοιαύτη
315 2492 358 2534 ἂν
387 2492 443 2542 εἴη
465 2495 646 2534 συνοικία·
675 2491 768 2532 οὕτω
797 2493 849 2532 δεῖ
879 2491 940 2531 καὶ
959 2491 1038 2537 τοὺς
1077 2491 1198 2546 φίλους

43 2607 46 2610 Ι
140 2549 306 2604 dulcem,
324 2553 386 2594 καὶ
405 2552 530 2606 μέτρον
552 2554 669 2599 αὐτοῖς
693 2547 797 2593 εἶναι.
817 2551 891 2593 Καὶ
919 2552 1016 2591 ὥσπε
1022 2569 1041 2606 ρ
1057 2551 1116 2590 ἐπὶ
1134 2555 1195 2600 τῆς

136 2627 189 2674 πο
229 2629 276 2658 ως
294 2615 334 2654 οὐ
352 2612 403 2653 τὸ
421 2613 532 2654 ποσὸν
552 2613 721 2668 ὥρισται,
744 2612 804 2652 καὶ
826 2612 970 2666 ἀριθμὸς
996 2611 1098 2664 ῥητός
1119 2613 1192 2650 ἐστι

127 2668 204 2714 τοῦ
218 2672 372 2723 πλήθους
389 2676 450 2713 τοῦ
471 2673 571 2714 πόλει
591 2688 831 2727 προσηκοντος
845 2704 856 2723 ,
880 2672 972 2711 ἀλλὰ
999 2675 1062 2710 τοῦ
1094 2674 1200 2725 ὑπερ-

51 2731 84 2761 ”“
138 2727 334 2778 ὄᾶλλοντος
360 2735 509 2787 ἀριθμοῦ
541 2733 582 2772 τὸ
609 2736 670 2782 τῆς
701 2734 839 2778 πόλεως
863 2732 1015 2786 μέτρον,
1045 2733 1106 2773 καὶ
1132 2749 1193 2772 του

140 2793 402 2839 ἐλλείποντος*
382 2792 600 2854 ωρισμένου,
622 2794 666 2832 τὰ
687 2809 731 2845 με
716 2793 817 2839 ..ταξυ
840 2794 935 2834 ποσὰ
957 2794 1084 2849 μέτρον
1101 2787 1191 2833 εἶναί

141 2867 261 2905 φαμεν
292 2853 446 2899 πόλεως·
481 2856 574 2903 οἱον,
598 2852 677 2892 οὔτε
705 2855 738 2893 οἱ
773 2855 882 2907 χίλιοι
917 2853 1065 2899 πόλις
1047 2871 1089 2894 αν
1119 2854 1196 2903 εἴη,

140 2910 222 2953 οὔτε
246 2914 283 2952 αἱ
315 2913 402 2952 δέκα
423 2913 622 2988 μυριάδες,
631 2913 724 2952 ἀλλὰ
754 2915 799 2954 τὰ
832 2913 985 2966 μεταξύ·
1019 2914 1111 2954 ουτω
1138 2914 1198 2952 καὶ

139 2971 202 3012 ἰπὶ
213 2987 284 3012 των
309 2974 420 3027 φίλων
450 2975 514 3012 οὐκ
544 2968 622 3012 ἔνι
617 2972 755 3053 ι’λαὸεῒν
795 2975 941 3027 ἀριθμὸν
975 2973 1195 3027 ὡρισμένον,

141 3025 368 3073 αλλίῗεν
350 3049 393 3072 αν
423 3037 583 3074 τοσοῦτοι
617 3029 760 3079 ὺὸσοις
794 3034 941 3075 δύναταί
984 3051 1036 3079 τις
1074 3035 1195 3081 συζῆν.

138 3091 257 3133 Τοῦτο
282 3092 352 3147 γὰρ
378 3093 491 3133 ἐδόκει
523 3094 762 3148 φιλικώτατον
783 3088 888 3134 εἶναι.
921 3091 1007 3134 εὈτι
1038 3094 1108 3148 γὰρ
1133 3095 1200 3146 οὐχ

140 3144 212 3190 οἶόν
230 3167 272 3192 τε
286 3153 465 3199 πλείστοις
482 3156 590 3202 συζῆν
607 3155 667 3194 καὶ
682 3154 858 3206 διανέμειν
875 3154 1021 3201 ἑαυτόν;
1037 3155 1198 3207 φανερόν.

34 3228 44 3259 ς
83 3254 85 3257 ,
141 3212 207 3251 Δεῖ
227 3211 266 3251 δὲ
290 3228 351 3252 και
371 3215 621 3268 συνημερεύειν
640 3216 711 3261 τοῖς
729 3215 862 3268 φίλοις·
883 3214 1061 3258 πλείστοις
1080 3213 1116 3253 δὲ
1136 3208 1198 3253 ου-

142 3282 196 3308 σιν
219 3271 368 3324 ἐργῶδες
397 3274 554 3325 μάλιστα
570 3289 578 3298 ·

635 161 944 204 ETHICORUM
976 162 1425 205 NICOMACHEORUM
1457 165 1832 210 PARAPHRASIS

617 3275 679 3314 καὶ
710 3275 780 3326 μὴν
813 3274 874 3314 καὶ
902 3274 1086 3327 συναλγεῖν
1125 3275 1197 3322 δεῖ,
1226 3291 1230 3295 ’

2243 174 2323 213 537

1273 260 1409 302 quando
1440 270 1608 296 sermones
1640 266 1673 296 et
1700 264 1917 306 cogitationes
1948 267 2081 298 nostras
2106 267 2327 301 communica-

1271 330 1374 353 mus:
1406 321 1470 354 hoc
1496 322 1583 355 enim
1611 324 1710 357 modo
1733 334 1798 357 una
1816 325 1932 358 vivere
1960 325 2111 359 homines
2129 326 2288 360 dicuntur
2316 340 2327 361 a

1272 388 1379 419 neque
1396 380 1484 413 enim
1504 391 1568 415 una
1588 383 1719 425 vivunt,
1740 385 1830 427 quod
1845 384 1879 417 in
1908 384 2024 419 eodem
2052 385 2124 419 loco
2141 386 2218 428 sint,
2241 387 2328 421 sicut

1271 438 1428 482 pecudes,
1455 450 1560 482 quum
1588 451 1646 485 per
1669 443 1803 476 easdem
1832 444 1954 478 herbas
1969 447 2161 487 pascuntur.
2188 456 2253 480 una
2275 447 2329 480 vi-

1271 508 1350 532 vere
1372 499 1515 533 dicimus
1537 513 1544 533 z
1566 511 1671 544 quare
1688 512 1765 535 cum
1784 504 1900 538 amicis
1927 506 2116 539 conversari
2142 506 2215 540 viro
2241 506 2328 542 bono

1272 558 1418 601 optabile
1444 562 1496 593 est
1525 562 1558 594 et
1582 561 1794 604 iucundum:
1814 564 1905 607 quod
1931 574 2011 598 vero
2033 565 2179 609 optabile
2205 566 2236 600 ei
2259 568 2325 608 est,

1270 619 1334 652 hoc
1351 619 1382 652 ei
1399 623 1574 663 suppetere
1590 625 1744 665 oportet:
1767 624 1818 657 sin
1840 625 1962 665 minus,
1985 626 2049 659 hac
2074 629 2173 670 parte
2189 628 2326 670 penuria

1271 679 1454 720 laborabit,
1478 681 1570 723 quod
1591 692 1668 715 cum
1693 683 1900 718 beatitudine
1916 687 2053 729 pugnat.
2074 686 2115 720 Ei
2137 687 2240 730 igitur
2267 688 2327 731 qui

1270 739 1388 773 beatus
1406 739 1543 775 futurus
1559 744 1622 783 est,
1645 742 1762 776 amicis
1783 753 1868 787 opus
1884 745 1948 779 erit
1971 745 2100 780 virtute
2121 746 2282 790 praeditis.

1730 919 1811 962 Gap.
1837 921 1891 953 XI.

1603 1022 1647 1049 De
1662 1021 1833 1049 amicorum
1848 1028 1990 1050 numero.

1310 1123 1423 1160 Quum
1444 1121 1547 1163 igitur
1573 1121 1672 1155 beato
1699 1131 1784 1164 opus
1804 1122 1848 1154 sit
1864 1122 1988 1161 amicis,
2015 1123 2235 1166 quaerendum
2263 1127 2324 1163 est,

1270 1183 1385 1214 utrum
1397 1191 1499 1225 quam
1515 1181 1652 1224 plurimi
1663 1181 1758 1214 nobis
1770 1181 1930 1215 reddendi
1946 1182 2012 1215 sint
2029 1183 2139 1222 amici,
2152 1193 2196 1216 an
2214 1193 2328 1226 quem-

1267 1241 1448 1275 admodum
1476 1243 1567 1275 recte
1598 1244 1632 1275 et
1667 1241 1903 1275 convenienter
1934 1242 1977 1275 de
2014 1242 2242 1286 hospitalitate
2273 1244 2327 1277 di-

1267 1304 1360 1335 ctum
1379 1304 1442 1341 est,
1463 1311 1572 1345 neque
1596 1302 1707 1335 nullos
1731 1311 1840 1345 neque
1867 1302 1994 1335 multos
2013 1303 2240 1337 admittendos
2257 1314 2329 1337 esse

1268 1360 1428 1403 hospites,
1452 1360 1500 1393 sic
1516 1362 1550 1394 et
1579 1360 1621 1394 de
1637 1361 1754 1394 amicis
1772 1360 1839 1394 dici
1867 1362 2053 1401 conveniat,
2080 1371 2189 1406 neque
2218 1364 2328 1397 nullos

1267 1429 1376 1468 neque
1391 1419 1517 1452 multos
1533 1429 1606 1453 esse
1626 1420 1807 1453 habendos,

1309 1486 1559 1529 Respondemus
1581 1495 1669 1529 ergo,
1706 1495 1813 1529 quum
1844 1486 1878 1519 in
1908 1488 1977 1520 tres
2004 1487 2131 1529 species
2155 1488 2327 1523 dividatur

1267 1545 1424 1584 amicitia,
1444 1555 1589 1588 quarum
1618 1556 1684 1579 una
1700 1550 1836 1590 propter
1860 1547 2134 1586 emolumentum,
2156 1547 2221 1581 alia
2242 1548 2330 1582 dele-

1268 1604 1424 1637 ctationis
1435 1613 1545 1644 causa,
1569 1605 1668 1639 tertia
1684 1606 1761 1639 boni
1781 1609 1814 1640 et
1830 1607 1936 1650 ipsius
1951 1606 2089 1640 virtutis
2110 1616 2211 1641 causa
2227 1607 2327 1641 insti-

1268 1664 1397 1706 tuitur;
1423 1665 1538 1697 amicis
1567 1666 1625 1708 qui
1646 1669 1780 1709 propter
1801 1667 2066 1700 emolumentum
2093 1669 2152 1700 aut
2181 1667 2328 1701 delecta-

1268 1723 1368 1756 tionis
1387 1733 1497 1763 causa,
1519 1724 1734 1768 maximeque
1748 1725 1808 1768 qui
1829 1725 1991 1759 commodi
2009 1725 2062 1759 sui
2078 1735 2178 1759 causa
2194 1726 2228 1759 in
2248 1725 2328 1758 ami-

1267 1783 1381 1816 citiam
1405 1785 1554 1816 nostram
1574 1786 1747 1824 venerunt,
1768 1785 1883 1828 paucis
1902 1794 1975 1818 esse
1993 1794 2088 1828 opus,
2107 1785 2187 1828 quia
2210 1785 2327 1828 paucis

1267 1845 1399 1876 tantum
1417 1853 1456 1877 ea
1474 1853 1551 1887 quae
1567 1844 1758 1878 desiderant
1787 1845 1996 1888 suppeditari
2013 1847 2164 1888 possunt,
2187 1845 2324 1878 multis-

1267 1912 1334 1946 que
1350 1903 1511 1937 inservire
1528 1903 1667 1938 difficile
1682 1907 1715 1938 et
1732 1905 1938 1939 laboriosum
1960 1907 2022 1944 est,
2049 1904 2196 1938 maxime
2217 1904 2247 1938 si
2265 1914 2326 1938 cu-

1268 1964 1347 1997 riosi
1374 1964 1441 1996 sint
1456 1966 1490 1997 et
1504 1964 1719 1998 vehementer
1737 1965 1799 1998 coli
1822 1965 1969 2008 cupiant.

1316 2023 1448 2057 Amicos
1460 2026 1572 2057 autem
1592 2025 1651 2074 qui
1667 2025 1851 2073 voluptatis
1863 2034 1964 2058 causa
1979 2026 2223 2067 comparantur,
2243 2033 2326 2072 pau—

1277 2074 1334 2098 cos
1352 2066 1435 2098 satis
1448 2075 1531 2105 esse,
1555 2076 1634 2108 qula
1653 2067 1816 2099 modicam
1833 2069 1966 2100 tantum
1970 2067 2189 2115 voluptatem
2211 2066 2324 2098 animi-

1274 2116 1341 2150 que
1359 2108 1596 2141 relaxationem
1622 2108 1692 2141 vita
1717 2109 1875 2151 postulat,
1902 2111 1940 2142 ut
1968 2109 2002 2142 in
2023 2108 2131 2152 epulis
2156 2104 2324 2141 modIcum

1275 2149 1523 2182 condimentum
1543 2150 1735 2192 requiritur

1281 2208 1398 2241 Viris
1418 2209 1514 2242 honis
1537 2219 1617 2243 vero
1633 2209 1837 2252 virtutisque
1858 2212 1898 2243 etv
1910 2209 1988 2243 boni
2016 2218 2117 2243 causa
2136 2209 2327 2244 amantibus

1265 2236 1419 2303 pluribus
1442 2262 1540 2295 beato
1561 2271 1647 2304 opus
1672 2262 1746 2295 erit.
1771 2262 1838 2295 Sed
1859 2262 1979 2295 horum
1997 2261 2098 2294 etiam
2115 2261 2239 2304 aliquis
2254 2269 2323 2293 mo

1265 2316 1330 2349 dus
1354 2316 1428 2349 erit.
1453 2317 1499 2348 Ut
1515 2315 1602 2348 enim
1626 2315 1772 2348 civitatis
1789 2315 1911 2358 aliquis
1927 2314 2048 2348 modus
2073 2310 2136 2353 est,
2158 2323 2197 2347 ac
2218 2322 2325 2356 neque

1265 2378 1305 2402 ex
1334 2369 1449 2402 decem
1469 2368 1662 2401 hominibus
1682 2370 1835 2402 constare
1867 2368 1986 2401 civitas
2003 2367 2107 2410 possit
2123 2394 2129 2405 ,
2149 2375 2258 2409 neque
2277 2375 2318 2398 ex

1265 2425 1399 2456 centum
1421 2422 1594 2454 hominum
1622 2421 1772 2455 millibus
1797 2435 1806 2455 ε
1835 2422 1914 2464 quia
1939 2421 2007 2454 tale
2034 2420 2239 2453 domicilium
2261 2428 2326 2452 non

1265 2476 1409 2518 amplius
1437 2475 1502 2508 erit
1526 2475 1644 2508 civitas
1672 2488 1680 2508 ι
1712 2475 1760 2508 sic
1791 2475 1892 2508 etiam
1916 2474 2072 2508 definitos
2100 2483 2174 2507 esse
2201 2473 2326 2506 amicos

1265 2532 1464 2572 certumque
1483 2529 1523 2561 iis
1541 2520 1679 2561 modum
1698 2529 1802 2562 statui
1816 2530 1958 2572 oportet.
1980 2529 2024 2561 Et
2040 2527 2325 2571 quemadmodum

1266 2584 1300 2617 in
1320 2583 1455 2616 civitate
1481 2583 1572 2615 nulla
1598 2582 1734 2615 delinita
1766 2585 1817 2616 est
1847 2582 2031 2626 quantitas,
2065 2590 2175 2624 neque
2211 2586 2325 2615 certus

1267 2638 1389 2680 aliquis
1404 2636 1629 2670 multitudinis
1644 2646 1722 2679 quae
1735 2636 1863 2669 civitati
1879 2636 2064 2676 conveniat,
2085 2638 2136 2669 est
2154 2646 2322 2675 numerus⁷

1267 2692 1325 2725 sed
1358 2691 1430 2734 ejus
1460 2699 1537 2732 quae
1558 2689 1664 2731 major
1689 2692 1741 2722 est
1761 2698 1861 2732 quam
1884 2691 2016 2731 oportet
2044 2689 2272 2723 multitudinis
2290 2691 2325 2724 in

1268 2747 1415 2785 civitate,
1442 2744 1580 2786 ejusque
1607 2753 1684 2786 quoe
1697 2743 1805 2776 minor
1823 2745 1874 2775 est
1893 2742 2030 2775 delinito
2049 2742 2160 2780 modo,
2179 2743 2324 2775 mediam

1271 2799 1505 2843 quantitatem,
1542 2797 1689 2830 civitatis
1719 2806 1791 2830 esse
1828 2796 1966 2829 modum
1997 2796 2141 2829 dicimus
2179 2809 2187 2828 ι
2230 2797 2323 2829 verbi

1271 2864 1381 2894 causa,
1405 2863 1513 2897 neque
1536 2853 1627 2886 mille
1663 2851 1832 2885 civitatem
1853 2851 2043 2894 explebunt,
2062 2859 2171 2893 neque
2189 2853 2323 2883 centum

1267 2909 1382 2948 millia,
1409 2909 1467 2942 sed
1483 2917 1642 2941 numerus
1660 2906 1747 2940 inter
1775 2908 1956 2947 utrumque
1976 2904 2170 2947 interjectus
2194 2917 2202 2937 :
2227 2905 2274 2937 sic
2290 2907 2323 2937 et

1264 2962 1298 2995 in
1314 2962 1432 2995 amicis
1458 2964 1570 2994 certus
1589 2968 1750 2993 numerus
1775 2958 1862 2992 sumi
1890 2967 1956 2991 non
1974 2960 2095 3000 potest,
2128 2958 2189 2990 sed
2213 2958 2320 3000 requi-

1263 3017 1389 3053 rentur,
1408 3017 1492 3057 quot
1508 3014 1552 3047 ad
1570 3013 1762 3046 convictum
1783 3011 1936 3045 sufficere
1958 3011 2174 3044 videbuntur.

1305 3069 1375 3100 1100
1395 3067 1484 3100 enim
1504 3066 1661 3100 amicitiae
1678 3065 1824 3098 maxime
1844 3063 2016 3107 proprium
2033 3073 2105 3097 esse
2131 3063 2319 3096 videbatur.

1262 3121 1376 3163 Neque
1394 3119 1482 3152 enim
1500 3119 1571 3153 fieri
1587 3127 1694 3162 posse,
1714 3120 1753 3151 ut
1770 3118 1847 3162 quis
1870 3127 1946 3150 cum
1966 3115 2119 3159 plurimis
2138 3116 2240 3153 vivat,
2259 3115 2321 3148 eis-

1261 3183 1327 3216 que
1338 3173 1492 3207 omnibus
1504 3183 1576 3207 sese
1590 3172 1691 3206 dedat
1707 3174 1810 3215 atque
1824 3171 2004 3215 impertiat,
2026 3168 2240 3203 manifestum
2256 3171 2317 3203 est.

1261 3227 1343 3259 Nam
1360 3225 1487 3260 versari
1508 3235 1569 3259 nos
1584 3235 1662 3258 cum
1686 3225 1801 3258 amicis
1819 3226 1949 3267 oportet
1977 3233 1985 3256 z
2011 3222 2101 3265 quod
2127 3221 2154 3254 si
2183 3221 2320 3264 plurimi

1260 3278 1395 3318 fuerint,
1420 3278 1512 3312 factu
1527 3279 1763 3313 difficillimum
1781 3280 1832 3312 est
1851 3291 1859 3311 :
1878 3277 1959 3320 quin
1978 3277 2079 3310 etiam
2094 3275 2199 3309 amice
2214 3276 2316 3309 simul

183 3388 202 3407 *
218 3388 298 3431 Gap.
327 3392 375 3422 10.
400 3388 468 3432 Ἆρ’
496 3389 553 3422 οὖν
581 3393 624 3426 ὡς
640 3390 813 3427 πλείστους
832 3388 940 3431 φίλους
959 3388 1126 3427 ποιητέον,
1148 3389 1218 3421 κτλ.
1242 3405 1284 3411 -
1308 3388 1346 3405 ”’
1369 3389 1446 3426 Τοῖς
1471 3389 1528 3432 μὲν
1554 3389 1593 3428 δὴ
1619 3389 1700 3433 πρὸς
1726 3392 1842 3430 χρῆσιν
1867 3387 1994 3420 κτλ.-
2020 3384 2080 3404 ⁴⁴¹*
2107 3385 2172 3418 Καὶ
2193 3385 2223 3418 οἱ
2239 3385 2317 3430 πρὸς

142 3437 262 3480 ἡδονὴν
285 3437 319 3470 δὲ
335 3439 403 3471 κτλ.
425 3436 557 3461 -****
575 3437 658 3476 Τοὺς
680 3438 716 3470 δὲ
739 3437 937 3474 σπουδαίους
956 3435 1287 3481 πότερονκπλείστους
1307 3437 1375 3470 κτλ.
