2528 3788
252 256 328 296 172
1149 248 1484 291 FRAGMENTA.

250 343 406 396 ἀδελφοῖς
421 340 594 394 ὑμνούσῃ,
613 339 673 378 καὶ
693 338 783 378 ἄλλα
800 340 954 377 τοιαῦτα·
975 337 1103 391 εἷπερὸ
1125 338 1276 377 Πλάτων

250 402 348 442 ταυτὶ
361 399 477 440 λαὸὼν
494 402 539 443 εἷς
558 399 597 437 τὸ
615 398 759 452 φανερὸν
781 398 968 452 κατηγόρει
981 427 992 446 ,
1015 403 1211 451 παρασχεῖν
1235 397 1275 435 ἂν

249 465 340 501 δοκεῖ
354 475 412 510 μοι
426 461 493 502 τοῖς
505 457 695 505 Ἀθηναίοις
709 456 837 502 αἰτίαν,
858 457 963 496 πάλιν
980 461 1098 500 κακοῖς
1117 455 1277 506 γενέσθαι

249 519 471 559 ἀποκτείνασι
487 517 546 556 καὶ
566 516 670 555 αὐτὸν
685 515 804 568 ὥσπερ
823 515 880 556 τὸν
901 515 1107 568 Σωκράτην.
1126 514 1228 554 Ἐπεὶ
1244 513 1279 552 δὲ

247 582 307 626 ζῆν
328 578 388 629 μὲν
408 578 469 615 οὐκ
490 575 534 616 ἂν
550 575 728 628 προείλετο
748 576 895 625 μᾶλλον,
921 574 944 621 ἢ
966 571 1164 621 ἀληθεύειν,
1187 571 1279 624 ἑώρα

248 638 282 678 δὲ
296 640 356 683 ζῆν
375 652 412 674 τε
431 634 490 674 καὶ
510 635 689 682 ἀληθεύειν
709 635 870 688 ἀσφαλῶς
891 632 1139 683 δυνησόμενος,
1159 630 1280 678 ἔθηκεν

248 698 281 735 ἔν
298 695 358 747 μὲν
374 696 422 747 τῷ
434 694 592 746 σχήματι
606 695 674 731 τῶν
685 691 874 739 Ἀθηναίων
887 691 945 729 τὸν
963 690 1184 744 Εὐθύφρονα,
1197 689 1279 728 ὄντα

248 756 355 808 ἄνδρα
375 754 548 802 ἀλαζόνα,
582 751 643 790 καὶ
664 752 851 802 κοάλεμον,
873 749 933 789 καὶ
954 748 985 788 εἴ
1010 765 1061 793 τις
1084 749 1188 794 ἄλλος
1207 752 1280 787 θεο-

246 817 339 866 λογεῖ
355 814 480 856 κακῶς·
501 810 601 850 αὐτὸν
622 810 657 849 δὲ
672 810 729 850 τὸν
754 809 946 862 Σωκράτην
967 809 1022 848 ἐπ’
1044 809 1149 846 αὒτοῧ
1164 824 1201 846 τε
1222 807 1280 846 καὶ

247 876 280 912 ἐν
301 874 348 924 τῷ
369 871 443 924 ἰδίῳ
460 872 721 923 σχηματισμῷ,
744 871 778 908 ἐν
799 863 828 923 ᾧ
844 868 924 922 περὶ
945 867 1101 913 εἰωθότος
1126 867 1275 920 ἤλεγχεν

247 932 385 984 ἑκάστῳ
401 931 637 982 προσομιλῶν.

297 989 503 1040 (Eusebius
528 991 729 1039 Praeparat.
757 984 902 1038 Evang.
930 986 1000 1026 lib.
1034 986 1127 1024 XIII
1147 999 1232 1037 cap.
1256 986 1276 1023 5

247 1048 465 1099 Νουμηνίου,
488 1049 527 1086 ἐκ
554 1049 622 1085 τῶν
642 1045 739 1098 παρὰ
767 1045 935 1086 Πλάτωνι
954 1045 1175 1098 ἀποῤῥήτων,
1198 1043 1277 1096 περὶ

246 1110 304 1145 τοῦ
326 1108 443 1148 αὐτοῦ.
466 1106 511 1144 In
527 1114 696 1144 extremo
717 1105 839 1156 capite
860 1111 881 1150 4
899 1107 950 1142 ait
970 1118 978 1141 :
1003 1105 1126 1142 Ταῦτα
1144 1105 1162 1141 ὃ
1181 1102 1279 1142 Πλά-

248 1179 316 1203 των
356 1167 390 1204 ἐν
411 1165 461 1217 τῷ
492 1163 700 1216 Εὗθύφρονι.
726 1165 898 1213 Διασαφεῖ
929 1161 964 1200 δὲ
996 1161 1058 1209 τὴν
1092 1160 1245 1199 διάνοιαν
1264 1168 1281 1198 ὸ

247 1222 440 1275 Νουμήνιος
454 1224 488 1260 ἐν
503 1223 552 1274 τῷ
564 1221 643 1273 περὶ
666 1222 735 1259 τῶν
754 1219 850 1273 παρὰ
869 1220 1034 1260 Πλάτωνι
1058 1218 1281 1272 ἀπορρήτων,

246 1277 314 1321 ὧδέ
333 1297 383 1328 πη
409 1281 558 1332 λέγων.)

302 1355 349 1380 13.
374 1339 570 1391 Νουμήνιος
585 1338 620 1376 δὲ
640 1338 703 1385 τὴν
725 1336 1026 1389 συγκαταθετικὴν
1043 1337 1189 1386 δύναμιν
1207 1353 1279 1375 πα-

250 1398 456 1453 ραδεκτικὴν
479 1400 655 1450 ἐνεργειῶν
675 1396 786 1450 φήσας
810 1389 921 1446 εἶναι,
944 1395 1148 1446 σύμπτωμα
1177 1396 1283 1442 αὐτῆς

248 1473 349 1511 φησιν
385 1451 472 1495 εἶναι
506 1457 545 1495 τὸ
574 1455 831 1508 φανταστικόν,
865 1456 903 1492 οὐ
929 1454 997 1504 μὴν
1028 1453 1127 1507 ἔργον
1155 1470 1194 1506 γε
1223 1455 1282 1493 καὶ

249 1515 470 1564 ἀποτέλεσμα
484 1543 493 1562 ,
517 1515 607 1553 ἀλλὰ
623 1514 936 1567 παρακολούθημα.

305 1574 505 1626 (Stobaeus
538 1573 670 1623 Eclog.
701 1575 815 1623 Phys.
837 1575 902 1609 lib.
925 1575 942 1609 I
961 1586 1041 1621 cap.
1077 1577 1141 1619 41,
1172 1571 1222 1609 25
1244 1573 1283 1610 ἐκ

247 1635 314 1672 τῶν
342 1632 541 1685 Πορφυρίου
566 1631 646 1684 περὶ
671 1633 739 1669 τῶν
766 1634 830 1678 τ’ἥς
857 1633 971 1684 ψυχῆς
990 1631 1168 1680 δυνάμεων
1195 1644 1281 1680 pag.

249 1693 322 1730 833
363 1692 423 1731 ed.
457 1691 617 1730 Heeren.
657 1690 770 1741 ''pag.
814 1690 892 1728 352
944 1691 1005 1729 ed.
1055 1689 1281 1740 Gaisford.]

248 1751 387 1802 Scripsi
403 1758 527 1787 autem
541 1749 579 1787 οὗ
597 1747 665 1800 μὴν
677 1750 776 1801 ἔργον
790 1764 828 1799 γε
843 1747 902 1787 καὶ
921 1748 1159 1798 ἀποτέλεσμα,
1180 1747 1283 1798 quod

249 1818 286 1847 et
303 1811 488 1847 Meinekio
507 1810 688 1858 placuisse
709 1808 822 1846 video
831 1836 843 1853 ,
859 1808 924 1858 qui
945 1816 1068 1845 tamen
1093 1809 1284 1857 vulgatam

251 1868 451 1905 lectionem
474 1867 512 1904 οὔ
544 1865 611 1916 μὴν
634 1865 733 1918 ἔργον
752 1881 790 1904 τε
809 1865 870 1904 καὶ
891 1866 1114 1916 ἀποτέλεσμα
1140 1869 1179 1904 in
1202 1865 1285 1904 Sto-

250 1925 321 1964 baei
341 1925 468 1964 verbis
485 1922 675 1976 reliquit.)

307 1998 351 2026 ιι,
385 1983 503 2022 Ἄλλοι
524 1982 582 2032 δέ,
617 1977 664 2022 ὧν
691 1982 749 2021 καὶ
779 1982 995 2033 Νουμήνιος,
1029 1983 1066 2023 οὗ
1094 1982 1176 2034 τρία
1197 1983 1285 2035 μέρη

250 2046 364 2097 ψυχῆς
383 2049 462 2094 μιᾶς
490 2041 512 2088 ἢ
543 2042 602 2081 δύο
630 2058 667 2093 γε
681 2072 691 2090 ,
713 2042 752 2080 τὸ
773 2042 910 2093 λογικὸν
933 2042 991 2081 καὶ
1012 2043 1159 2093 ἄλογον,
1196 2041 1285 2079 ἀλλὰ

252 2103 310 2140 δύο
331 2100 445 2154 ψυχὰς
464 2100 555 2152 ἔχειν
579 2103 673 2150 ἡμᾶς
692 2099 844 2148 οἴονται,
865 2099 983 2154 ὥσπερ
1004 2099 1064 2138 καὶ
1085 2099 1206 2147 ἄλλοι,
1225 2100 1286 2147 τὴν

254 2160 316 2212 μὲν
337 2159 476 2212 λογικὴν
496 2160 559 2207 τὴν
582 2159 618 2198 δὲ
639 2158 777 2210 ἄλογον.

307 2218 500 2270 (Stobaeus
530 2218 657 2267 Eclog.
686 2218 803 2268 Phys.
834 2217 902 2257 hb.
926 2221 1043 2270 Icap.
1079 2223 1141 2264 41,
1173 2218 1221 2255 25
1252 2220 1286 2257 ἐν

251 2280 366 2331 ταυτῷ
381 2291 469 2329 pag.
495 2278 570 2315 836
590 2277 652 2317 ed.
674 2280 839 2316 Heeren.
865 2277 977 2328 [pag.
1002 2277 1075 2315 353
1099 2277 1159 2317 ed.
1179 2277 1286 2315 Gais-

253 2338 352 2376 ford.
369 2339 382 2388 ]
398 2337 490 2382 Quae
504 2345 712 2387 sequuntur
729 2337 829 2387 apud
840 2335 1049 2383 Stobaeum,
1061 2349 1139 2374 non
1153 2337 1286 2374 viden-

255 2485 341 2517 tibus
364 2493 381 2516 a
396 2478 505 2516 liberis
517 2508 525 2523 ‚
542 2483 594 2516 vcl
612 2483 765 2516 fratribus
784 2493 802 2516 a
823 2483 977 2516 fratribus
994 2483 1170 2526 irrogatas,
1193 2486 1293 2527 atque

255 2543 288 2575 id
304 2551 405 2584 genus
421 2542 483 2575 alia
513 2542 709 2581 celebraret3
736 2542 819 2582 haec,
844 2543 976 2583 inquam
991 2567 999 2582 ‚
1015 2542 1043 2574 si
1062 2542 1167 2584 palam
1192 2545 1294 2584 atquc

255 2603 366 2643 aperte
385 2601 477 2632 Plato
492 2601 763 2642 reprehendisset,
785 2601 865 2633 mihi
881 2610 1014 2633 oausam
1040 2601 1293 2635 Atheniensibus

255 2660 402 2692 attulisse
419 2659 585 2692 videretur
613 2659 830 2701 improbitatis
848 2669 916 2693 suae
944 2660 1224 2701 quemadmodum
1260 2662 1294 2693 in

256 2719 388 2751 Socrate
403 2743 411 2758 ‚
442 2717 488 2750 sic
514 2718 547 2750 in
567 2718 638 2759 ipso
662 2717 886 2754 interficiendo
907 2728 1019 2752 rursus
1050 2721 1291 2762 expromendas.

258 2777 366 2813 Quum
388 2775 498 2807 autem
520 2784 584 2807 non
607 2775 715 2809 vivere
740 2786 838 2818 quam
863 2786 975 2810 verum
1005 2778 1093 2820 loqui
1110 2780 1243 2820 mallet,
1262 2782 1296 2813 et

258 2833 428 2874 utriusque
443 2833 491 2866 rei
506 2833 635 2865 tuendae
656 2834 845 2867 facultatem
864 2836 984 2869 habere
1003 2846 1098 2878 posse
1125 2837 1187 2870 sibi
1203 2838 1295 2871 vidc-

258 2895 322 2930 tur,
342 2892 607 2934 Euthyphronem
625 2892 716 2925 illum
729 2918 736 2932 ,
758 2893 922 2927 hominem
941 2904 1060 2928 vanum
1075 2906 1113 2929 ac
1126 2897 1292 2938 stolidum,

259 2951 460 2993 eundemque
479 2951 520 2983 de
546 2951 644 2983 rebus
663 2950 799 2992 divinis,
819 2953 847 2984 si
867 2954 1039 2996 quisquam
1058 2955 1162 2996 alius,
1179 2965 1291 2998 perpe-

261 3020 331 3043 ram
348 3010 562 3042 disserentem
581 3010 827 3043 Atheniensium
852 3012 923 3044 loco
946 3013 1074 3046 induxit
1100 3026 1108 3046 ε
1128 3016 1295 3048 Socratem

259 3079 336 3103 vcro
356 3078 413 3111 per
437 3078 471 3102 se
501 3072 535 3102 et
561 3069 592 3101 in
615 3078 683 3102 suae
703 3071 830 3102 naturae
863 3071 1002 3112 speciem
1034 3073 1293 3114 conformatum,

260 3137 325 3169 qua
347 3127 490 3172 singulos
516 3127 549 3160 in
567 3128 654 3160 omni
677 3128 838 3169 colloquio
866 3130 906 3162 de
931 3131 1032 3163 rebus
1051 3133 1215 3166 consuetis
1234 3134 1295 3166 ha-

261 3186 331 3219 bito
350 3185 524 3219 refutabat.

306 3245 351 3278 13.
375 3244 554 3278 Numenius
570 3245 678 3278 autem
706 3246 900 3278 assentiendi
931 3247 1116 3281 facultatem
1147 3258 1297 3292 capacem

261 3312 333 3336 esse
346 3303 507 3336 actionum
522 3303 652 3344 dicens,
670 3304 741 3346 ejus
761 3306 911 3337 eventum
934 3315 1004 3338 esse
1025 3307 1072 3339 ait
1097 3307 1297 3350 imaginatio-

262 3371 351 3405 nem,
384 3372 448 3396 non
475 3365 584 3397 tamen
612 3373 694 3407 opus
718 3367 775 3397 aut
802 3366 976 3406 effectum,
1004 3368 1061 3400 sed
1093 3370 1294 3402 consecutio-

263 3433 347 3456 uem.

306 3484 354 3517 14.
373 3480 433 3515 Alii
454 3490 530 3517 vero
542 3507 550 3522 ‚
565 3481 598 3517 in
619 3482 740 3524 quibus
755 3483 853 3519 etiam
871 3484 1048 3519 Numenius
1065 3487 1126 3525 cst,
1142 3495 1208 3521 non
1226 3488 1296 3520 tres

1339 346 1400 376 tur
1434 337 1481 375 ad
1506 334 1733 374 Numenium
1758 333 1965 384 pertinere.
1996 330 2100 373 ‘Sunt
2131 346 2224 372 vero
2263 332 2344 372 haec

1339 391 1386 435 ὧν
1407 395 1510 435 πάλιν
1531 396 1562 434 οἱ
1591 394 1652 444 μὲν
1681 392 1788 445 ἄμφω
1808 391 2023 443 ἀθανάτους,
2043 393 2075 431 οἱ
2091 391 2127 430 δὲ
2141 391 2205 440 τὴν
2227 392 2371 445 λογικὴν

1341 455 1522 493 ἀθάνατον.
1579 452 1660 498 Τὴν
1685 450 1722 489 δὲ
1760 450 1885 502 ἄλογον
1920 451 1958 488 οὗ
1987 449 2080 488 κατὰ
2111 450 2172 494 τὰς
2203 450 2376 504 ἐνεργείας

1341 513 1444 564 μόνον
1465 512 1677 564 ἀφίστασθαι
1695 511 1757 556 τῆς
1777 514 1879 552 ποιᾶς
1895 507 2064 555 κινήσεως
2076 538 2087 556 ,
2105 508 2197 547 ἀλλὰ
2215 509 2275 548 καὶ
2293 507 2376 549 κατ’

1341 571 1459 610 οὐσίαν
1491 569 1704 609 διαλύεσθαι.
1762 569 1846 612 Τοῖς
1872 567 1908 606 δὲ
1938 567 2068 614 ἐδόκει,
2096 567 2155 607 δύο
2186 569 2307 621 ψυχῶν
2327 571 2377 613 εἷς

1339 630 1446 671 ταύτὸ
1474 629 1747 680 συμπλακεισῶν
1780 626 1969 675 ἀλλήλαις,
2004 625 2191 670 διπλασίας
2209 620 2298 666 εἶναι
2316 625 2380 672 τὶς

1340 689 1515 739 κινήσεις,
1550 686 1788 738 ὁμοιουμένων
1817 687 1985 731 ἀλλήλαις
2019 686 2058 724 ἐκ
2090 689 2151 726 τοῦ
2185 685 2375 727 ἀπολαύειν

1341 748 1509 801 ἑκατέραν
1538 749 1606 785 τῶν
1626 749 1687 794 τῆς
1706 745 1822 798 ἑτέρας
1850 743 2071 797 παθημάτων
2095 743 2188 784 κατὰ
2205 743 2270 793 τὴν
2289 744 2379 784 ἕνω-

1340 810 1430 860 σιν.)
2245 843 2251 848 .

1397 880 1445 907 15.
1475 865 1545 905 Ἴθι
1567 863 1609 911 δὴ
1628 858 1685 904 οῧν
1712 862 1769 902 ἐπὶ
1788 862 1852 911 τὴν
1873 862 1952 902 καθ’
1981 862 2090 910 αὐτὴν
2114 861 2303 913 ἀσώματον
2325 863 2381 902 οὗ·

1342 925 1418 965 σίαν
1439 923 1656 975 ἐπανίωμεν,
1680 921 1910 975 διακρίνοντες
1931 921 1992 961 καὶ
2019 921 2075 961 ἐπ’
2091 922 2199 969 αὖτῆς
2229 923 2264 961 ἐν
2289 919 2384 967 τάξει

1341 984 1402 1029 τὰς
1417 983 1495 1036 περὶ
1515 984 1630 1036 ψυχῆς
1656 980 1773 1025 πάσας
1794 980 1904 1027 δόξας.

1342 1059 1406 1083 σαν
1436 1042 1499 1089 τὴν
1520 1040 1682 1089 τοιαύτην
1713 1039 1833 1079 οὐσίαν
1858 1043 2049 1093 ὁμοιομερῆ
2089 1038 2149 1078 καὶ
2175 1039 2239 1085 τὴν
2268 1038 2380 1087 αὔτὴν

1341 1101 1400 1140 καὶ
1421 1101 1503 1152 μίαν
1524 1099 1797 1152 ἀποφαίνονται,
1818 1101 1863 1144 ὡς
1879 1099 1938 1138 καὶ
1959 1101 1992 1138 ἐν
2008 1099 2264 1152 ὁτῳοῧναῦτῆς
2282 1097 2382 1151 μέρει

1343 1155 1430 1199 εἶναι
1447 1160 1490 1199 τὰ
1503 1159 1587 1199 ὅλα·
1602 1159 1724 1203 οἵτινες
1741 1159 1802 1198 καὶ
1818 1162 1851 1199 ἐν
1874 1162 1916 1211 τῇ
1938 1161 2084 1211 μεριστῇ
2104 1160 2203 1211 ψυχῇ
2224 1157 2283 1198 τὸν
2302 1173 2383 1206 νοη-

1342 1220 1400 1259 τὸν
1428 1220 1558 1271 κόσμον
1590 1218 1651 1258 καὶ
1671 1217 1765 1262 θεοὺς
1785 1218 1845 1257 καὶ
1869 1217 2038 1268 δαίμονας
2064 1217 2125 1256 καὶ
2153 1216 2305 1267 τάγαθὸν
2323 1215 2384 1255 καὶ

1343 1279 1457 1318 πάντα
1477 1277 1521 1317 τὰ
1538 1276 1760 1333 πρεσὸύτερα
1787 1278 1822 1315 ἐν
1845 1277 1934 1329 αὐτῇ
1954 1275 2164 1328 ἔνιδρύουσι,
2184 1274 2244 1315 καὶ
2261 1275 2296 1314 ἕν
2310 1279 2385 1313 ’πᾶ-

1344 1355 1397 1378 σιν
1417 1337 1583 1382 ὡσαύτως
1606 1336 1724 1376 πάντα
1745 1329 1834 1375 εἶναι
1864 1334 2132 1389 ἀποφαίνονται,
2158 1333 2291 1379 οἰκείως
2307 1333 2387 1385 μέν·

1343 1413 1395 1436 τοι
1413 1396 1504 1436 κατὰ
1523 1396 1586 1444 τὴν
1607 1396 1720 1435 αὐτῶν
1737 1394 1857 1434 οὐσίαν
1878 1396 1913 1433 ἐν
1937 1393 2112 1438 ἑκάστοις.
2170 1393 2244 1434 Καὶ
2259 1391 2388 1440 ταύτης

1343 1459 1405 1504 τ’ῆς
1423 1455 1520 1504 δόξης
1539 1454 1861 1508 ἀναμφισὸητήτως
1876 1453 1939 1505 μέν
1960 1455 2033 1492 ἐστι
2046 1452 2258 1501 Νουμήνιος.
2283 1450 2387 1493 Κατὰ

1345 1514 1386 1561 δὴ
1407 1521 1537 1563 ταύτην
1573 1518 1632 1554 νοῧ
1662 1513 1722 1553 καὶ
1744 1517 1831 1553 θεῶν
1852 1513 1912 1552 καὶ
1944 1515 2014 1551 τῶν
2045 1509 2251 1565 κρειττόνων
2277 1511 2386 1564 γενῶν

1344 1573 1439 1613 οὐδὲν
1458 1577 1479 1621 ἡ
1497 1573 1593 1627 ψυχὴ
1612 1573 1789 1625 διενήνοχε
1806 1571 1897 1611 κατὰ
1912 1571 1974 1619 τὴν
1995 1570 2079 1619 ὅλην
2107 1569 2226 1609 οὐσίαν

1399 1633 1594 1672 (Stobaeus
1639 1632 1773 1682 Eclog.
1810 1631 1927 1682 Phys.
1957 1629 2026 1670 lib.
2060 1629 2076 1667 l
2113 1642 2200 1680 cap.
2238 1634 2305 1679 4¹,
2335 1629 2384 1667 32

1345 1690 1553 1744 Ἰαμβλίχου
1570 1690 1651 1742 περὶ
1676 1692 1788 1744 ψυχῆς
1809 1702 1899 1741 pag.
1921 1689 1997 1727 866
2026 1687 2088 1728 ed.
2125 1687 2289 1726 Heeren.
2317 1688 2385 1738 [p.

1348 1751 1422 1800 369
1440 1750 1499 1788 ed.
1525 1750 1741 1797 Gaisford.]
1766 1750 1854 1787 Post
1873 1745 2072 1798 Νουμήνιος
2088 1747 2204 1786 omisi
2226 1758 2314 1798 quae
2339 1746 2389 1784 ad

1348 1810 1450 1847 hunc
1470 1823 1548 1847 non
1568 1810 1798 1847 referuntur.
1811 1807 1908 1846 Nam
1929 1809 2077 1857 integer
2097 1806 2209 1845 locus
2225 1805 2289 1843 hic
2314 1813 2383 1843 estt

1350 1868 1422 1908 Καὶ
1441 1868 1569 1915 ταύτης
1583 1870 1644 1915 τῆς
1664 1867 1762 1914 δόξης
1782 1864 2103 1920 ἀναμφισὸητήτως
2124 1864 2186 1916 μέν
2206 1864 2282 1903 ἐστι
2294 1865 2390 1904 Νου-

1350 1927 1490 1980 μήνιος,
1507 1929 1544 1966 οὗ
1565 1926 1680 1974 πάντη
1703 1926 1738 1965 δὲ
1756 1924 2042 1977 ὁμολογουμένως
2062 1923 2257 1971 Πλωτῖνος,
2281 1922 2389 1962 ἀστά-

1349 2002 1416 2030 τως
1443 1985 1479 2024 δὲ
1508 1987 1541 2024 ἐν
1574 1986 1663 2036 αὐτῇ
1690 1983 1832 2036 φέρεται
1855 1983 2032 2034 Ἀμέλιος,
2053 1982 2250 2036 Πορφύριος
2269 1979 2305 2020 δὲ
2326 1982 2382 2019 ἐν·

1351 2045 1478 2090 δοιάζει
1513 2043 1592 2096 περὶ
1623 2043 1757 2091 αὐτήν,
1789 2042 1839 2091 πὴ
1873 2041 1935 2093 μὲν
1971 2040 2253 2093 διατεταγμένως
2286 2041 2386 2091 (leg.

1351 2101 1630 2154 διατεταμένως)
1654 2103 1759 2149 αὐτῆς
1774 2101 2026 2154 ἀφιστάμενος,
2047 2098 2098 2147 πὴ
2120 2098 2157 2138 δὲ
2177 2099 2390 2139 συνακολου-

1352 2164 1419 2201 θῶν
1436 2163 1521 2215 αὖτῇ
1537 2191 1548 2213 ,
1568 2162 1613 2205 ὡς
1631 2161 1870 2214 παραδοθείσῃ
1896 2158 2041 2200 ἄνωθεν.
2066 2157 2169 2199 Κατὰ
2192 2157 2234 2206 δὴ
2258 2155 2390 2206 ταύτην

1352 2223 1451 2271 κτλ.)
2315 2211 2318 2215 ’

1403 2293 1447 2319 16.
1475 2279 1570 2328 ’Ἤδη
1601 2278 1715 2318 τοίνυν
1744 2279 1805 2318 καὶ
1836 2280 1869 2318 ἐν
1897 2279 2014 2322 αὐτοῖς
2043 2282 2113 2323 τοῖς
2150 2273 2390 2322 Πλατωνικοῖς

1348 2338 1470 2378 πολλοὶ
1489 2338 1804 2384 διαστασιάζουσιν·
1834 2339 1866 2377 οἳ
1886 2337 1949 2390 μὲν
1978 2339 2026 2382 εἷς
2046 2337 2130 2389 μίαν
2152 2335 2310 2382 σύνταξιν
2327 2336 2391 2376 καὶ

1352 2487 1460 2525 partes
1477 2484 1573 2518 unius
1585 2484 1714 2525 animae,
1733 2486 1790 2517 aut
1807 2484 1890 2516 duas
1909 2483 2035 2524 utique,
2046 2482 2181 2516 rationis
2201 2481 2396 2525 participem

1353 2546 1382 2577 ei
1397 2547 1581 2586 expertem,
1600 2544 1658 2577 sed
1674 2543 1798 2576 animas
1810 2543 1893 2576 duas
1915 2552 1974 2576 nos
1989 2542 2110 2576 habere
2127 2542 2260 2575 censent
2276 2567 2284 2583 ‚
2305 2542 2392 2575 sicut

1354 2605 1387 2636 et
1402 2603 1476 2644 alii,
1500 2603 1638 2637 alteram
1659 2603 1794 2636 rationis
1810 2604 2014 2645 compotem,
2039 2601 2209 2644 expertem
2243 2601 2392 2636 alteram.

1398 2666 1445 2696 15.
1467 2665 1534 2705 Age
1554 2672 1643 2696 nunc
1659 2663 1702 2696 ad
1728 2663 1835 2705 ipsam
1859 2671 1916 2705 per
1943 2671 1979 2695 se
2003 2661 2226 2704 incorpoream
2243 2663 2405 2695 naturam.

1357 2722 1574 2763 revertamur,
1593 2722 1810 2764 vulgaresque
1829 2721 1870 2755 de
1900 2721 1972 2762 illa,
1993 2721 2154 2762 quatenus
2181 2719 2224 2759 ad
2249 2720 2394 2754 animam

1355 2782 1519 2823 spectant,
1537 2781 1703 2824 opiniones
1732 2790 1845 2815 omnes
1873 2781 2044 2814 distinctas
2063 2779 2176 2813 ordine
2202 2779 2392 2813 referamus.

1355 2841 1436 2873 Sunt
1459 2840 1558 2882 igitur
1574 2841 1630 2882 qui
1651 2842 1756 2874 totam
1777 2839 1967 2881 hujusmodi
1979 2842 2129 2872 naturam
2144 2839 2255 2881 partes
2271 2836 2404 2872 similes.

1356 2898 1486 2938 habere,
1502 2907 1641 2940 eamque
1661 2908 1759 2931 unam
1777 2899 1810 2931 et
1827 2899 1964 2931 eandem
1977 2907 2048 2931 esse
2067 2898 2224 2937 doceant,
2243 2897 2292 2930 ita.
2306 2898 2345 2930 ut
2360 2897 2396 2930 iu

1355 2958 1471 2998 quavis
1498 2956 1567 2997 ejus
1592 2958 1683 2999 parte
1698 2959 1805 2990 totum
1829 2959 1990 2990 cernatur.
2037 2957 2210 2999 Iidemque
2233 2956 2333 3003 etiam
2359 2956 2395 2989 in

1356 3016 1465 3048 anima
1486 3016 1620 3050 dividua
1644 3017 1806 3050 mundum
1824 3016 2062 3058 intelligibilem
2075 3040 2084 3056 ,
2104 3015 2202 3056 deos,
2228 3014 2340 3056 genios
2358 3016 2394 3048 et

1356 3074 1477 3108 bonum
1496 3076 1529 3109 et
1550 3075 1822 3118 praestantissima
1848 3084 1990 3118 quaeque
2017 3075 2200 3114 collocant,
2234 3074 2339 3116 atque.
2359 3072 2392 3108 in.

1356 3132 1506 3167 omnibus
1522 3134 1671 3167 similiter
1689 3134 1798 3169 omnia
1812 3134 1919 3167 inesse
1935 3134 2094 3174 statuunt,
2115 3132 2323 3174 singulorum
2338 3131 2394 3164 ,ta-

1357 3203 1431 3227 men
1448 3195 1571 3227 naturae
1589 3193 1830 3227 convenienter.
1886 3194 1928 3225 Et
1946 3192 2037 3225 hanc
2049 3191 2181 3232 quidem
2200 3189 2394 3223 sententiam

1357 3253 1424 3285 sine
1444 3253 1547 3285 dubio
1575 3253 1753 3286 Numenius
1779 3253 1900 3285 tuetur.
1972 3253 2080 3290 Quam
2106 3250 2134 3283 si
2164 3249 2344 3291 sequimur,
2369 3248 2394 3280 'a

1357 3313 1478 3351 mente,
1498 3312 1560 3344 diis
1586 3313 1618 3345 et
1647 3312 1758 3345 divina
1790 3311 1942 3354 progenie
1971 3311 2078 3343 anima
2099 3311 2167 3342 tota
2193 3317 2251 3342 sua
2279 3309 2394 3342 natura

1357 3370 1436 3402 nihil
1454 3370 1579 3404 dissert.
1766 3376 1769 3378 ’

1402 3432 1449 3461 16.
1470 3431 1543 3462 Jam
1574 3439 1651 3463 vero
1672 3430 1768 3463 multi
1786 3429 1886 3462 etiam
1907 3429 2142 3462 Platonicorum
2168 3428 2253 3461 inter
2269 3436 2305 3461 se
2321 3427 2392 3460 dis-

1358 3487 1516 3528 cordant,
1539 3489 1657 3531 partim
1686 3489 1722 3522 in
1746 3498 1851 3524 unum
1881 3487 2028 3521 ordinem
2060 3495 2227 3530 unamque
2256 3485 2394 3520 formam

1961 980 2043 1021 Εἰσὶ
2064 980 2105 1028 δή
2130 995 2240 1030 τινες,
2262 978 2297 1019 οἳ
2313 985 2381 1020 πᾶ·-
2438 1019 2440 1021 .

2476 96 2493 118 κ
2467 0 2494 83 *A

2504 871 2512 909 Wr'

2519 1491 2528 1556 i

2497 1556 2528 1568 *Q

2508 1570 2528 1603 ¹}
