2508 3776
95 307 134 355 *3
134 297 215 351 Q
227 300 301 347 ,τῆς
320 297 400 346 ἴσης
426 297 588 345 δαπάνης
609 298 808 371 ἐργάσεται·
826 299 887 338 καὶ
905 298 947 338 τὸ
970 298 1032 350 μὲν
1049 303 1110 338 τοῦ
1132 315 1194 351 με·

100 360 392 414 ,⁵*Wffl‘
426 356 526 410 ἔργον
558 357 684 410 κυρίως
718 358 816 413 ἔργον
850 358 972 407 ἔσται,
996 358 1036 397 τὸ
1068 357 1105 397 δὲ
1135 361 1197 397 τοῦ

125 423 145 434 -⁴·
275 439 283 449 ,
303 432 368 466 ου,
397 419 518 468 κτῆμα
551 419 685 468 μᾶλλον
714 418 738 465 ἢ
770 418 956 471 ἔργον.οὗ
977 418 1045 471 γὰρ
1063 422 1086 467 ἡ
1109 417 1196 465 αὖτὴ

278 475 458 526 κτήματος
485 476 546 515 καὶ
579 476 692 529 ἔργου·
717 476 808 516 ἀλλὰ
838 475 1026 527 κτήματος
1046 476 1134 527 μέν,
1158 476 1198 516 τὸ

130 571 141 579 ι
193 557 196 564 »
237 558 243 567 2
282 552 315 574 υ
335 534 430 581 ἄξιον
451 528 620 574 εἶναικαὶ
645 534 882 586 τιμιώτατον,
903 529 972 580 οἷος
1003 539 1022 575 ὁ
1046 534 1196 589 χρυσός,

107 563 212 643 ’ffel
229 594 262 632 οἱ
287 592 400 644 τίμιοι
429 592 536 632 λίθοι·
560 592 664 647 ἔργου
692 591 729 631 δὲ
756 593 886 663 ἀρετή,
915 593 955 632 τὸ
990 593 1082 646 μέγα
1110 587 1196 633 εἶναι

126 646 213 693 ²81
241 651 349 691 καλὸν
368 651 429 692 καὶ
462 653 681 704 θαυμαστόν·
708 650 727 690 ὃ
753 654 803 705 τῶ
828 655 1093 706 μεγαλοπρεπεῖ
1126 653 1200 704 μά-

96 720 98 722 “
145 710 257 751 &ma
271 711 460 766 προσήκει·
468 709 555 750 ἔστι
570 710 639 764 γὰρ
660 710 764 764 ἔργου
781 711 888 764 ἀρετὴ
909 712 1197 765 μεγαλοπρέπεια

96 773 115 815 J
148 773 186 811 ἓν
205 770 361 824 μεγέθει.

79 830 121 870 2'
175 837 178 840 '
201 829 221 848 *
235 827 356 884 Ἔργα
373 828 411 869 δὲ
426 830 681 882 μεγαλοπρεπῆ
695 828 755 868 καὶ
767 829 888 879 τίμια,
908 823 978 868 οἷον
999 828 1043 868 τὰ
1061 829 1141 881 περὶ
1157 830 1198 869 τὸ

87 893 111 934 J,
127 875 239 931 W
261 888 493 940 ἀναθήματα,
513 887 731 928 κατασκευαὶ
750 889 878 927 θυσιῶν
896 887 957 927 καὶ
971 889 1080 939 ναῶν,
1101 889 1198 939 φιλο·

69 969 77 975 ·=
107 979 113 987 .-
119 947 264 1000 wint
277 947 364 1001 πρὸς
383 947 424 986 τὸ
449 947 564 987 κοινόν
576 977 588 999 ,
604 947 773 1000 χορηγίαι
791 946 815 994 ἢ
835 947 1078 1000 τριηραρχίαι,
1099 946 1123 994 ἢ
1138 946 1198 984 καὶ

100 1005 200 1052 ¹11⁴*
211 1008 331 1062 ἱστιᾷν
353 1005 419 1054 τὴν
452 1006 556 1046 πόλιν
587 1007 734 1054 δεῆσαν·
769 1007 808 1044 οὗ
844 1005 947 1057 μόνον
977 1005 1013 1044 δὲ
1037 1004 1083 1045 τὰ
1112 1004 1197 1078 ἔργα

102 1054 201 1107 Ἢ
221 1046 312 1106 εἶναι
341 1066 618 1119 μεγαλοπρεπῆ,
638 1065 779 1109 καὶτὰς
809 1065 968 1110 δαπάνας
997 1063 1198 1118 προσηκού-

72 1123 102 1165 ἕ,
141 1124 236 1178 eae,
257 1124 320 1165 καὶ
337 1126 634 1178 μεγαλοπρεπεῖς,
656 1124 750 1164 ἀλλὰ
768 1140 830 1164 και
847 1127 899 1177 τῷ
931 1127 1088 1164 ποιοῦντι
1107 1139 1199 1177 πρε-

92 1208 94 1212 v
147 1184 283 1229 παύσας
317 1184 474 1236 μάλιστα
508 1182 573 1235 μὲν
605 1182 662 1222 διὰ
680 1183 745 1231 τὴν
767 1184 902 1223 οὐσίαν·
923 1184 1031 1232 πένης
1049 1183 1117 1237 γὰρ
1136 1184 1200 1222 οὒκ

68 1239 79 1291 χῚ
142 1242 195 1284 ἂν
208 1242 264 1292 εἴη
283 1242 566 1297 μεγαλοπρεπής·
585 1245 615 1282 εἰ
630 1243 659 1282 δ’
677 1243 872 1297 ἐπιχειροίη
887 1243 1053 1295 μεγάλοις
1069 1243 1196 1295 ἔργοις,

76 1308 80 1311 Α
145 1302 280 1354 ἠλίθιος
310 1302 428 1351 ἔσται,
449 1302 549 1356 παρὰ
582 1302 648 1349 τὴν
678 1301 776 1348 ἀξίαν
797 1302 858 1341 καὶ
881 1304 921 1340 τὸ
943 1302 1018 1340 δέον
1053 1303 1197 1353 ἐπιχει-

141 1365 233 1419 ρῶν.
254 1360 408 1402 Ἔπειτα
428 1361 576 1412 πρέπειν
594 1362 688 1400 δοκεῖ
701 1361 761 1400 καὶ
777 1363 849 1405 τοῖς
869 1361 1038 1405 πολλάκις
1053 1365 1199 1400 τοιαῦτα

63 1420 86 1474 Γ,
140 1420 397 1469 Ὶπεποιηκόσιν,
399 1419 433 1468 ἢ
452 1414 501 1460 ὧν
525 1422 558 1460 οἱ
579 1420 743 1472 πρόγονοι
771 1421 1058 1493 μεγαλοπρεπεῖς
1084 1423 1194 1467 ἠσαν.

68 1497 83 1518 ·:
146 1479 281 1522 Τῶνδὲ
298 1479 409 1534 ἔργων
438 1495 484 1519 τα
499 1479 614 1519 πλείω
633 1479 707 1528 μὲν
722 1481 771 1523 εἷς
793 1479 833 1518 τὸ
863 1479 975 1518 κοινὸν
1007 1478 1067 1518 καὶ
1091 1481 1140 1523 εἷς
1159 1478 1199 1518 τὸ

67 1587 69 1589 ¹
146 1539 252 1580 θεῖον·
270 1554 384 1579 ταυτα
403 1538 473 1592 γὰρ
490 1540 762 1590 μεγαλοπρεπῆ·
797 1539 875 1578 τινὰ
890 1537 925 1576 δὲ
944 1538 1004 1578 καὶ
1025 1538 1112 1586 ἴδια,
1131 1537 1198 1576 ὅσα

143 1597 299 1644 εἰσάπαξ
315 1597 496 1654 γίνονται,
532 1591 603 1636 οἷον
629 1597 761 1649 γάμοι,
783 1614 844 1636 και
868 1596 997 1645 οἰκίαι,
1025 1596 1086 1635 καὶ
1107 1596 1197 1635 ἄλλο

54 1653 91 1699 ,3¹2
137 1661 318 1698 mv.
330 1658 394 1711 T&
413 1657 483 1710 γὰρ
503 1660 769 1711 μεγαλοπρεπεῖ
796 1658 951 1707 μάλιστα
972 1657 1142 1710 προσήκει
1159 1656 1198 1696 τὸ

139 1717 308 1771 ’δαπανᾷν
328 1718 377 1762 εἰς
394 1716 435 1755 τὸ
452 1716 585 1766 κοινόν,
605 1716 628 1764 ἢ
650 1719 697 1761 εἷς
717 1718 756 1756 τὸ
773 1721 875 1765 θεῖον,
892 1716 1066 1769 ἐλάχιστα
1091 1717 1126 1754 δὲ
1151 1718 1199 1761 εἷς

68 1775 74 1781 ”
142 1776 288 1818 ἳαυτόν.
326 1773 462 1816 Ἔσται
485 1775 522 1815 δὲ
543 1775 810 1830 μεγαλοπρεπὲς
829 1775 929 1828 ἔργον
943 1775 1004 1814 καὶ
1020 1776 1060 1814 τὸ
1080 1777 1196 1814 πολυ-

145 1834 300 1891 χρόνιον·
329 1835 377 1874 τὰ
402 1836 471 1890 γὰρ
501 1840 649 1876 τοιαῦτα
683 1835 781 1889 ἔργα,
804 1834 993 1887 θαυμαστά
1027 1836 1096 1873 εἰσι
1136 1835 1196 1874 καὶ

142 1894 259 1936 'xnu-

142 1962 145 1981 ἲ
199 1953 238 1983 ¹⁹*
249 1955 315 1995 Δεῖ
328 1953 365 1994 δὲ
379 1953 441 1993 καὶ
455 1955 491 1994 ἓν
503 1959 577 1999 τοῖς
589 1953 699 2007 ἔργοις
717 1952 778 1993 καὶ
789 1953 904 2007 ἕτερον
915 1955 1043 2007 τρόπον
1059 1952 1099 1992 τὸ
1107 1953 1197 2007 πρέυ

142 2027 213 2055 ’κον
228 2015 364 2063 ζητεῖν,
400 2013 462 2053 καὶ
487 2018 632 2053 σκοπεῖν
654 2012 773 2052 τίνα’
754 2029 840 2067 εργα
859 2012 948 2052 τίσιν
972 2013 1132 2067 ἁρμόζει·
1153 2014 1193 2052 οὗ

142 2072 216 2128 γὰρ
239 2073 285 2112 τὰ
313 2071 405 2112 αὐτὰ
431 2071 560 2126 πρέπει
593 2075 644 2112 τῶ
680 2072 762 2111 θείω
790 2073 850 2110 καὶ
883 2074 933 2125 τῷ
947 2074 1081 2133 κοινῷ·
1117 2071 1196 2111 οὐδὲ

144 2131 260 2172 ταότὰ
285 2131 458 2185 προσήκει
479 2133 585 2184 ἱερῷ
584 2147 646 2170 και
665 2131 778 2185 τάφῳ·
810 2130 902 2168 ὥστε
934 2134 1024 2169 εἰναι
1042 2129 1130 2169 wa*
1110 2145 1196 2183 εργα

146 2191 210 2231 του
228 2193 520 2244 μεγαλοπρεποῦς
550 2180 690 2242 μεγάλα
710 2189 770 2228 καὶ
798 2189 1008 2239 θαυμαστά,
1037 2188 1124 2243 πρὸς
1153 2189 1197 2228 τὰ

145 2250 298 2302 ὁμογενῆ
314 2247 584 2303 συγκρινόμενα·
601 2249 721 2302 τάφων
739 2247 803 2299 μὲν
823 2247 1094 2299 οἰκοδομήματα
1112 2248 1198 2301 πρὸς

284 2337 297 2357 ,
317 2310 410 2347 ναῶν
428 2306 466 2347 δὲ
486 2308 573 2361 πρὸς
593 2307 709 2356 ναούς,
733 2323 794 2346 και
821 2307 972 2360 γεφύρας
990 2307 1074 2359 πρὸς
1092 2308 1197 2360 γεφύ-

144 2378 223 2421 ρας·
226 2365 296 2411 καὶ
313 2365 374 2407 ἰπὶ
386 2369 457 2406 τῶν
474 2367 590 2412 ἄλλων
605 2366 748 2417 ὁμοίως.
773 2364 821 2406 ‘O
840 2367 908 2418 γὰρ
928 2365 1198 2418 μεγαλοπρεπὴς

139 2423 194 2467 ω
204 2426 308 2478 μόνον
329 2431 455 2467 σκοπεῖ
478 2425 518 2465 τὸ
543 2425 703 2478 μέγεθος,
723 2425 742 2464 ὃ
761 2425 933 2478 προσήκει
951 2428 1002 2478 τῷ
1024 2424 1116 2477 γένει
1134 2440 1196 2464 του

31 2482 62 2543 Ἶ-
77 2490 89 2523 Ϊ
138 2484 261 2540 Ιργου·
283 2486 324 2525 οὗ
343 2485 412 2538 γὰρ
435 2486 560 2524 ταύτὸν
583 2487 676 2537 μέγα
712 2477 801 2523 εἶναι
823 2485 943 2527 ἁπλῶς
962 2484 1019 2523 διὰ
1041 2484 1104 2532 τὴν
1138 2486 1197 2524 δα-

140 2544 289 2594 mim,
309 2544 371 2584 καὶ
397 2547 490 2596 μέγα
519 2538 610 2583 εἶναι
628 2543 714 2596 πρὸς
733 2544 777 2582 τὰ
798 2546 950 2594 ὁμογενῆ
968 2544 1195 2596 συγκρινόμε·

146 2617 226 2652 νον,
247 2603 340 2643 ἀλλὰ
361 2603 532 2656 διαφέρει·
553 2603 615 2642 καὶ
629 2603 698 2678 γὰρ
715 2605 739 2650 ἡ
757 2608 912 2656 σφαῖρα,
931 2603 991 2641 καὶ
1011 2606 1032 2650 ἡ
1049 2603 1196 2650 λήκυθος

43 2691 51 2702 ‹.
142 2665 174 2712 ἡ
190 2662 363 2711 καλλίστη
383 2662 494 2716 μικρὰ
524 2663 588 2714 μέν
616 2664 684 2701 εἷσι
713 2662 770 2701 διὰ
797 2662 858 2709 τὴν
885 2661 1056 2709 δαπάνην·
1072 2663 1139 2701 εἶσὶ
1159 2663 1195 2702 δὲ

43 2738 76 2779 {³3
109 2720 402 2776 ”Ῥῐγαλοπρεπῆ
428 2723 525 2774 δῶρα
553 2724 623 2760 τῶν
648 2723 811 2772 παίδων,
830 2721 891 2760 καί
919 2722 986 2759 εἰσι
1005 2721 1023 2744 ‘¹
1058 2721 1196 2773 μεγάλα

78 2782 80 2786 ’
124 2781 235 2835 πρὸς
264 2781 310 2822 τὰ
343 2781 493 2821 παιδικὰ
534 2781 789 2834 συγκρινόμενα
826 2782 935 2833 δῶρα·
973 2779 1047 2818 ἐπεὶ
1087 2779 1196 2819 τοίνυν

43 2841 61 2897 ,4,
87 2854 90 2857 ’
147 2841 308 2895 διαφέρει
334 2840 375 2880 τὸ
405 2842 440 2880 ἐν
466 2840 558 2890 γένει
590 2840 735 2892 μέγεθος
763 2843 822 2878 τοῦ
850 2839 884 2876 ἐν
907 2838 983 2882 ταῖς
1005 2838 1195 2887 δαπάναις,

49 2938 63 2950 ,,
145 2900 285 2952 ἅνάγκη
305 2903 447 2940 σκοπεῖν
469 2899 649 2952 ἀμφότερα
663 2898 720 2937 τὸν
742 2898 995 2951 μεγαλοπρεπῆ
1010 2897 1071 2936 καὶ
1084 2903 1195 2937 ποιεῖν

37 2983 54 2987 1*
100 2955 114 3002 ,ε’
140 2959 445 3014 μεγαλοπρεπῶς,
474 2959 566 2998 κατὰ
596 2959 659 3006 τὴν
686 2957 932 3013 προσήκουσαν
948 2956 1086 3010 ἑκάστῳ
1105 2957 1195 3009 γένει

144 3020 471 3074 μεγαλοπρέπειαν.
500 3018 606 3059 Οὕτω
625 3019 692 3071 γὰρ
712 3019 896 3069 γενόμενον
915 3016 955 3056 τὸ
977 3016 1074 3068 ἔργον
1104 3015 1195 3068 μέγα

36 3096 58 3136 a?
98 3114 104 3119 .
141 3079 271 3130 ’,ἔσται
290 3081 354 3120 καὶ
373 3078 597 3130 θαυμαστόν,
617 3078 677 3117 καὶ
704 3077 832 3124 καλόν,
866 3092 927 3115 και
947 3074 1023 3114 οὔδε
1044 3091 1081 3113 ευ
1084 3090 1196 3150 χερως

24 3154 52 3181 ,2
81 3175 86 3180 .
144 3138 216 3179 ὕπὸ
233 3141 420 3192 ὁμογενοῦς
447 3137 766 3192 ὖπερὸληθήσεται.
804 3138 967 3178 Τοιουτος
999 3132 1062 3186 μὲν
1095 3128 1152 3173 ουν
1175 3136 1196 3173 ὁ

144 3197 434 3252 μεγαλοπρεπής.

145 3282 149 3285 -
200 3256 254 3277 ***
271 3255 317 3298 Ὅ
338 3257 374 3296 δὲ
394 3257 622 3309 ὑπερδάλλων
642 3256 703 3295 καὶ
731 3255 904 3308 βάναυσος
935 3252 1034 3305 παρὰ
1055 3252 1093 3292 τὸ
1119 3251 1194 3291 δέον

150 3441 273 3475 θάλλων
289 3441 344 3473 καὶ
360 3441 520 3482 βάναυσος
538 3442 609 3472 κτλ.

630 209 929 251 ETHICORUM
959 207 1412 252 NICOMAGHEORUM
1440 211 1819 252 PARAPHRASIS.

181 3368 212 3426 v⁴<
233 3391 329 3426 Ἔστι
344 3393 378 3426 δὲ
395 3396 460 3426 τῶν
478 3393 720 3435 δαπανημάτων
734 3417 742 3432 ,
768 3392 823 3424 οἷα
848 3392 984 3433 λέγομεν
998 3390 1042 3422 τὰ
1060 3390 1232 3432 τίμιακτλ.
1253 3405 1296 3412 ·-
1312 3387 1350 3406 ⁴⁵*
1373 3387 1436 3420 Καὶ
1454 3386 1486 3418 ἐν
1509 3385 1659 3421 ἑκάστοις
1673 3385 1711 3416 τὸ
1727 3383 1851 3427 πρέπον
1868 3384 1938 3414 κτλ.

2219 213 2294 252 381

1256 304 1375 338 iisdem
1403 305 1570 339 sumtibus
1588 305 1710 339 efficiet
1730 318 1738 338 ι
1760 305 1904 348 ideoque
1926 304 2016 348 quod
2037 304 2232 347 magnificus
2255 304 2302 336 fa-

1257 364 1342 403 ciet,
1368 373 1453 407 opus
1470 365 1618 408 proprie,
1640 365 1731 408 quod
1756 374 1840 399 vero
1857 365 2021 405 liberalis,
2043 364 2209 408 possessio
2229 373 2304 397 ma-

1257 422 1308 465 gis
1323 432 1426 466 quam
1442 433 1527 466 opus
1550 425 1625 458 erit.
1648 427 1762 468 Neque
1780 426 1867 459 enim
1884 425 1999 459 eadem
2015 427 2065 459 est
2090 424 2306 468 possessionis

1256 481 1366 516 virtus
1380 484 1415 516 et
1435 484 1544 526 operis
1562 497 1571 517 ι
1591 484 1651 518 sed
1664 485 1879 527 possessionis
1897 486 2007 519 virtus
2019 487 2088 524 est,
2110 487 2150 518 ut
2169 484 2214 518 sit
2228 484 2305 527 plu-

1257 541 1332 575 rimi
1350 542 1565 582 aestimanda‚
1590 543 1829 586 pretiosissima
1847 546 1882 577 et
1903 544 2075 577 carissima
2087 570 2095 583 ,
2127 546 2166 576 ut
2186 553 2306 576 aurum

1257 602 1292 634 et
1309 600 1377 634 cari
1402 601 1523 644 lapilli3
1546 602 1656 645 operis
1671 605 1802 642 autem,
1817 604 1856 635 ut
1877 612 2034 646 magnum
2052 602 2107 642 sit,
2128 601 2308 644 pulchrum

1258 661 1291 692 et
1318 660 1542 695 admirabile:
1569 661 1660 705 quod
1686 663 1832 695 maxime
1858 662 1955 695 decet
1984 661 2197 703 magnificum
2229 671 2236 692 :
2256 662 2307 694 est

1258 719 1346 752 enim
1375 721 1483 762 operis
1508 721 1618 754 virtus
1641 721 1896 763 magnificentia,
1926 730 2003 764 quae
2024 721 2059 754 in
2081 720 2308 763 magnitudine

1258 778 1419 812 consistit.

1301 837 1410 878 Opera
1425 838 1537 870 autem
1554 838 1727 880 magnifica
1752 841 1831 871 sunt
1854 841 1888 872 et
1904 839 2050 881 pretiosa
2062 865 2069 878 ,
2092 838 2185 872 verbi
2202 837 2309 879 gratia

1258 886 1345 919 dona
1371 887 1406 919 in
1426 887 1563 921 deorum
1582 889 1739 921 honorem
1768 899 1926 932 suspensa
1939 915 1947 928 ,
1975 890 2187 923 victimarum
2213 897 2310 930 appa-

1258 939 1353 970 ratus
1375 940 1410 971 et
1426 939 1625 980 templorum
1638 965 1645 979 ‚
1664 940 1746 972 item
1768 949 1907 973 munera
1930 949 2007 982 quae
2034 940 2183 972 honestas
2201 938 2310 971 laudis

1259 988 1371 1023 studio
1398 988 1588 1031 reipublicae
1611 989 1749 1030 dantur,
1777 992 1816 1022 ut
1839 991 1866 1023 si
1882 991 1959 1032 quis
1983 991 2017 1024 in
2035 991 2132 1025 ludos
2161 994 2310 1025 sumtum

1258 1037 1448 1080 impendere
1459 1064 1466 1077 ‚
1486 1040 1546 1070 aut
1563 1039 1751 1071 triremium
1775 1038 2011 1081 praefecturam
2036 1040 2078 1073 de
2094 1050 2155 1073 suo
2168 1040 2311 1073 admini-

1258 1090 1366 1121 strare
1391 1088 1493 1127 velit,
1514 1090 1573 1121 aut
1594 1089 1731 1131 epulum
1756 1089 1905 1131 praebere
1936 1090 2088 1130 civitati,
2117 1100 2223 1132 quum
2256 1099 2311 1122 res

1259 1138 1403 1181 postulat
1422 1150 1431 1171 ι
1456 1148 1563 1183 neque
1584 1139 1693 1172 solum
1709 1147 1808 1181 opera
1826 1139 1998 1182 magnilica
2014 1143 2214 1183 sumtusque
2232 1148 2314 1174 oon·

1258 1191 1414 1231 gruentes
1438 1199 1510 1223 esse
1531 1191 1661 1232 oportet
1679 1192 1712 1222 et
1725 1189 1930 1230 magnificos,
1958 1190 2015 1222 sed
2035 1190 2136 1223 etiam
2153 1199 2229 1223 oum
2254 1190 2309 1232 qui

1260 1240 1339 1274 facit
1356 1241 1502 1274 maxime
1514 1241 1632 1274 decere
1650 1242 1784 1282 propter
1797 1240 1934 1273 divitias
1951 1251 1958 1272 :
1978 1250 2075 1274 nemo
2087 1241 2174 1273 enim
2188 1249 2313 1283 pauper

1258 1292 1452 1334 magnificus
1467 1300 1540 1324 esse
1553 1293 1656 1333 queat
1684 1301 1692 1321 ε
1725 1291 1776 1324 siu
1795 1293 1909 1324 autem
1936 1301 2055 1334 magna
2077 1300 2177 1334 opera
2195 1300 2313 1333 aggre-

1259 1342 1381 1381 dietur,
1403 1343 1528 1375 stultus
1554 1342 1637 1381 erit,
1668 1342 1826 1384 quoniam
1857 1343 1890 1374 et
1915 1343 2038 1383 praeter
2066 1341 2263 1382 dignitatem
2279 1345 2313 1377 ct

1259 1395 1373 1426 eontra
1392 1392 1541 1426 officium
1557 1393 1638 1425 talia
1651 1392 1854 1434 aggreditur.
1870 1392 1996 1424 Deinde
2009 1393 2113 1433 magis
2124 1401 2180 1425 eos
2192 1392 2312 1425 decere

1259 1443 1418 1477 videntur
1442 1443 1503 1485 qui
1530 1452 1616 1485 saepe
1633 1443 1713 1475 talia
1736 1441 1896 1481 fecerint,
1924 1445 1983 1475 aut
2006 1451 2150 1485 quorum
2171 1441 2312 1483 majores

1259 1493 1424 1535 magnifici
1441 1492 1589 1526 fuerunt.
1642 1495 1790 1535 Operum
1814 1501 1895 1525 vero
1920 1492 2080 1534 pleraque
2103 1499 2180 1534 quae
2199 1491 2312 1530 reipu-

1259 1545 1355 1578 blicae
1376 1553 1415 1577 ac
1431 1544 1495 1577 diis
1515 1544 1670 1577 dicantur
1682 1544 1763 1576 talia
1786 1546 1887 1576 sunt:
1911 1542 2069 1575 nimirum
2090 1542 2164 1575 haec
2185 1540 2314 1583 magni-

1259 1595 1535 1633 fica'habentur:
1564 1597 1642 1628 sunt
1664 1597 1775 1628 tamen
1803 1597 1838 1627 et
1861 1594 1994 1637 privata
2027 1593 2204 1635 quaedam,
2235 1600 2313 1634 quae

1259 1646 1387 1678 scilicet
1402 1645 1505 1678 semel
1527 1647 1660 1678 tantum
1675 1645 1759 1678 fiunt
1769 1670 1777 1686 ,
1794 1647 1834 1677 ut
1853 1645 1979 1686 nuptiae
1991 1670 1998 1682 ,
2021 1643 2111 1676 aedes
2127 1645 2229 1686 atque
2245 1641 2311 1674 alia

1258 1696 1331 1738 ejus
1356 1695 1495 1738 generis.
1543 1697 1667 1738 Nempe
1682 1695 1892 1738 magnificum
1908 1695 2002 1727 decet
2022 1695 2053 1727 in
2072 1693 2312 1736 rempublicam

1259 1747 1362 1786 atque
1383 1744 1419 1776 in
1442 1743 1580 1776 deorum
1605 1744 1735 1776 cultum
1763 1743 1947 1781 maximos,
1981 1742 2015 1774 in
2044 1752 2080 1775 se
2107 1741 2217 1784 ipsum
2233 1748 2313 1772 vero

1258 1796 1413 1829 minimos
1429 1798 1562 1829 sumtus
1582 1795 1701 1828 facere.
1733 1796 1862 1838 Quippe
1887 1796 1922 1827 et
1942 1804 2019 1837 quae
2033 1794 2191 1827 diuturna
2212 1793 2290 1825 sunt
2302 1817 2311 1832 ‚

1257 1850 1430 1892 magnifica
1445 1852 1523 1882 sunt
1545 1859 1644 1891 opera
1665 1863 1674 1883 z
1694 1849 1775 1882 talia
1791 1848 1878 1881 enim
1905 1850 1977 1880 tum
1994 1846 2217 1885 admirabilia,
2239 1847 2313 1878 tum

1257 1904 1399 1946 pulchra
1414 1904 1620 1946 judicantur.

1300 1963 1365 1997 Sed
1390 1965 1424 1996 et
1446 1964 1510 1996 alio
1531 1962 1631 1996 modo
1653 1962 1688 1995 in
1712 1962 1868 2004 operibus
1886 1960 2103 2004 spectandum
2131 1961 2182 1993 est
2209 1959 2309 1993 deco-

1258 2027 1335 2050 rum
1345 2044 1354 2058 ,
1374 2018 1736 2060 considerandumque,
1749 2025 1827 2059 quae
1844 2025 1944 2059 opera
1959 2015 2082 2059 quibus
2091 2015 2287 2049 conveniant
2302 2024 2310 2044 ε

1258 2085 1319 2110 nec
1337 2075 1425 2109 enim
1443 2074 1559 2108 eadem
1571 2074 1634 2107 deo
1647 2075 1833 2117 congruunt
1856 2074 1891 2106 et
1908 2072 2099 2115 reipublicae
2118 2072 2236 2113 :sicut
2252 2080 2314 2105 nee

1259 2131 1375 2165 eadem
1397 2130 1522 2173 templo
1551 2132 1584 2162 et
1614 2130 1746 2162 tumulo
1777 2127 2029 2161 accommodata
2060 2130 2156 2171 sunt,
2191 2127 2242 2160 ita
2271 2130 2310 2160 ut

1258 2185 1424 2228 magnifici
1441 2194 1542 2228 opera
1557 2194 1676 2226 magna
1689 2185 1755 2217 sint
1770 2186 1804 2217 et
1821 2183 2030 2216 admirabilia
2043 2208 2051 2220 .
2079 2192 2155 2215 cum
2173 2183 2216 2216 iis
2231 2192 2309 2226 quoe

1259 2245 1337 2276 sunt
1353 2242 1503 2285 ejusdem
1525 2241 1655 2284 generis
1683 2240 1825 2273 collata:
1846 2239 1942 2272 verbi
1960 2248 2060 2271 causa
2082 2238 2311 2280 sepulcrorum

1257 2299 1474 2332 monumenta
1502 2306 1580 2329 cum
1613 2295 1791 2338 sepulcris,
1828 2294 2027 2336 templorum
2052 2302 2130 2326 cum
2153 2293 2308 2335 templis,

1258 2351 1411 2393 pontium
1430 2359 1507 2382 eum
1524 2349 1682 2391 pontibus
1697 2347 1816 2380 collata
1840 2356 1848 2376 τ
1868 2349 1971 2389 atquo
1991 2346 2026 2378 in
2054 2345 2194 2388 reliquis
2213 2344 2310 2378 simi-

1260 2407 1348 2440 liter.
1402 2404 1535 2438 Etenim
1554 2403 1749 2446 magnificus
1762 2412 1827 2435 non
1840 2402 1944 2435 solam
1963 2403 2089 2444 spectat
2109 2401 2313 2443 magnitudi-

1257 2471 1352 2500 nem,
1385 2469 1487 2503 quam
1515 2458 1625 2501 operis
1651 2467 1755 2501 genus
1773 2457 1918 2500 requirit
1937 2469 1944 2488 :
1971 2456 2051 2499 quia
2067 2466 2132 2488 non
2148 2456 2238 2489 idem
2258 2458 2309 2489 est

1258 2526 1415 2560 magnum
1440 2525 1512 2549 esse
1534 2514 1729 2557 simpliciter
1746 2515 1882 2556 propter
1909 2514 2078 2553 sumtum,
2097 2514 2131 2545 et
2155 2521 2311 2554 magnum

1258 2582 1330 2606 esse
1350 2573 1504 2614 respectu
1530 2579 1645 2602 eorum
1670 2578 1747 2611 quae
1778 2569 1857 2601 sunt
1887 2567 2036 2610 ejusdem
2068 2567 2214 2609 generis,
2251 2567 2310 2601 sed

1258 2626 1418 2661 differunt
1431 2626 1504 2658 haee
1514 2625 1601 2657 inter
1625 2633 1660 2657 se
1683 2634 1691 2653 ε
1711 2623 1778 2666 pila
1797 2622 1947 2656 videlicet
1964 2626 2023 2655 aut
2039 2623 2185 2665 ampulla
2200 2623 2310 2666 aliqua

1257 2682 1479 2726 pulcherrima
1491 2708 1499 2722 ‚
1520 2690 1598 2723 quae
1621 2680 1664 2713 ob
1679 2689 1818 2723 parvam
1846 2679 2039 2727 impensam
2052 2678 2188 2711 minima
2209 2681 2307 2719 sunt,

1257 2739 1430 2781 magnifica
1457 2740 1570 2770 tamen
1601 2745 1782 2779 puerorum
1806 2735 1892 2769 dona
1922 2734 2096 2774 habentur,
2120 2737 2153 2768 et
2187 2736 2214 2768 si
2232 2745 2309 2768 eum

1256 2795 1414 2838 reliquis,
1448 2802 1526 2837 quae
1553 2793 1670 2826 donari
1704 2792 1773 2826 illis
1806 2792 1913 2826 solent
1942 2791 2039 2825 donis
2056 2795 2305 2834 componantur,

1252 2853 1323 2895 jam
1342 2859 1462 2892 magna
1483 2851 1581 2883 erunt
1611 2861 1619 2881 ε
1640 2858 1746 2891 quum
1769 2847 1873 2890 igitur
1899 2847 2031 2880 intersit
2062 2847 2190 2890 aliquid
2218 2848 2308 2881 inter

1256 2906 1386 2950 gene1is
1410 2907 1445 2939 et
1479 2906 1612 2938 sumtus
1634 2903 1894 2946 magnitudinem
1909 2928 1917 2942 ,
1950 2902 2126 2945 utriusque
2151 2902 2198 2935 rei
2222 2903 2307 2937 ratio

1255 2961 1407 2996 ducenda
1438 2960 1612 3003 magnifico
1635 2961 1707 3001 est,
1725 2968 1827 3002 quem
1848 2959 1896 2992 ita
1922 2958 2097 3001 magnifice
2123 2957 2231 2991 facere
2246 2958 2306 2991 de-

1256 3020 1327 3059 cet,
1354 3019 1393 3050 ut
1420 3016 1668 3050 convenientem
1690 3015 1871 3058 unicuique
1896 3014 2005 3057 generi
2031 3013 2306 3056 magnificentiam

1255 3076 1422 3110 exhibeat.
1467 3075 1518 3107 lta
1536 3073 1671 3107 demum
1685 3075 1719 3106 et
1735 3081 1892 3115 magnum
1911 3074 1944 3105 et
1970 3070 2163 3104 admirabile
2181 3073 2214 3104 et
2229 3070 2305 3113 pul-

1254 3137 1375 3170 chrum
1397 3134 1552 3168 futurum
1571 3136 1623 3167 est
1645 3141 1746 3175 opus,
1767 3140 1875 3174 neque
1891 3130 1988 3164 facile
2008 3131 2074 3163 alio
2086 3130 2233 3172 ejusdem
2247 3139 2305 3172 ge-

1254 3196 1343 3230 neris
1358 3203 1457 3238 opere
1475 3193 1698 3237 superabitur.
1738 3192 1828 3226 Talis
1845 3200 1922 3234 ergo
1943 3192 1994 3224 est
2014 3190 2215 3233 magnificus.

1295 3256 1360 3296 Qui
1382 3256 1495 3288 autem
1517 3253 1656 3287 modum
1681 3251 1812 3285 excedit
1838 3253 1872 3283 et
1890 3251 2000 3293 inepte
2018 3249 2210 3292 magnificus
2232 3251 2300 3288 est,

1959 3399 1998 3409 -
2016 3382 2073 3399 ***
2100 3380 2139 3413 ‘O
2153 3380 2188 3413 δὲ
2203 3380 2300 3422 ὑπερ·
