2508 3776
123 252 251 322 W
255 266 344 345 μὲν
357 269 466 326 γὰρ’
446 286 547 325 εργον
565 271 760 327 ἑκατέρων,
777 274 824 318 ὡς
840 273 1038 322 δέδεικται,
1062 272 1210 322 ἀλήθειά

148 336 162 374 i
191 372 193 374 ,
209 323 327 399 Pu
337 326 448 384 ἔργου
468 331 506 371 δὲ
527 333 721 385 δειχθέντος
750 334 944 386 ἑκατέρου,
963 332 1098 387 φανερά
1117 335 1211 373 ἐστιν

299 388 326 439 ἧ
351 390 472 444 ἀρετή·
497 391 648 430 ἑκάστου
674 391 744 444 γὰρ
764 395 787 439 ἡ
800 391 920 467 ἀρετὴ
950 394 986 431 ἐν
1007 395 1058 446 τῷ
1093 391 1212 445 οἰκείῳ

215 426 377 514 ΐδργῳ
398 450 621 489 συνίσταται·
641 450 682 490 τὸ
698 450 766 504 γὰρ
784 445 822 490 ευ
849 451 910 490 καὶ
931 452 1047 495 καλῶς
1066 465 1212 498 ποιησαι

69 550 75 553 ,
201 515 245 551 ‘1:251
276 524 338 558 ον,
357 508 460 556 τοῦτό
479 511 573 549 ἐστιν
589 511 612 557 ἡ
628 508 751 564 ἀρετή·
776 511 812 548 αἱ
834 509 950 549 τοίνυν
969 509 1054 555 ἕξεις
1069 511 1148 550 καθ’
1171 509 1212 555 ἃς

32 607 35 617 ,
185 547 341 619 &stenar
360 570 524 623 ἑκάτερον
544 570 658 608 αὐτῶν
673 567 738 616 τὴν
755 567 885 608 οἰκείαν
907 568 1084 616 ἀλήθειαν
1118 570 1211 617 ἀλη-

0 675 1 685 ,
129 645 150 675 ς
235 674 238 682 Ι
267 658 280 700 .’
278 628 352 674 ὣς
361 627 413 669 ἔνι
429 627 588 698 μάλιστα
607 626 776 676 δυνατόν,
797 620 901 666 αῧταί
920 629 1008 667 εἰσιν
1028 631 1066 669 αἱ
1089 629 1211 683 ἀρεταὶ

139 731 174 756 “”
203 742 446 802 *Rptdutvot
462 738 522 786 οὖν
536 745 667 786 ἄνωθεν
675 744 758 799 περὶ
774 747 888 786 αὗτων
906 745 1014 785 πάλιν
1036 744 1208 798 λέγωμεν.

209 805 318 863 ’Enni
342 805 427 860 περὶ
452 809 516 855 τῆς
534 805 701 855 ἀληθείας
725 808 747 844 ὃ
782 805 884 857 λόγος
914 809 1016 857 ἡμῖν,
1045 806 1212 854 ζητητέον

154 893 213 918 ⁸
274 868 325 912 ὃς
342 867 377 914 ἡ
390 865 499 920 ψυχὴ
532 863 682 905 δύναται
704 865 888 915 ἀληθεύειν
918 866 954 904 ἐν
975 867 1027 918 τῷ
1047 867 1212 920 καταφά-

133 927 201 972 ,ἐξ
192 964 219 971 Ν
270 922 347 980 *d
349 925 586 979 ᾶποφασκειν·
609 923 672 964 καὶ
683 925 796 965 πόσαι
816 924 904 964 εἰσὶν
922 925 957 963 αἱ
972 923 1057 970 ἕξεις
1077 926 1155 964 καθ’
1170 926 1212 971 ἃς

283 980 316 1028 ,1⁸7
342 1001 388 1028 ν.
415 984 500 1027 Eiet
526 984 644 1026 τοίνυν
674 985 779 1025 πέντε
801 984 861 1024 τὸν
879 983 1046 1038 ἀριθμόν,
1073 985 1206 1039 τέχνη,

126 1066 139 1078 .,
215 1046 257 1093 ὥ,
315 1040 363 1095 ἦ,
388 1042 578 1100 φρόνησις,
597 1043 723 1098 σοφία,
754 1049 842 1089 νοῦς·
864 1043 928 1092 τὴν
946 1043 1016 1098 γὰρ
1036 1045 1212 1099 ὑπόληψιν

100 1103 297 1166 ὲῇῑτὴν
317 1104 442 1155 δόξαν,
467 1105 516 1150 ὣς
536 1105 772 1158 ἐνδεχομένως
798 1104 1060 1154 ἀληθεύουσαν,
1093 1121 1213 1160 παρα-

180 1161 187 1169 ”
326 1166 442 1207 ,Τῶν
463 1163 534 1218 γὰρ
567 1163 765 1219 εἰρημένων
795 1164 899 1204 πέντε
929 1166 1112 1217 δυνάμεων
1133 1170 1212 1211 νοῦς

94 1214 238 1297 μὶν
234 1222 404 1267 οὓδίποτι
434 1223 602 1278 ψεύδεται
630 1223 710 1264 οὐδὲ
730 1227 754 1273 ἡ
785 1224 980 1277 ἐπιστήμη·
1010 1227 1114 1264 τοῦτο
1143 1226 1214 1280 γάρ

124 1276 251 1326 'gii'
264 1284 384 1331 αὗτοῖς
401 1283 443 1325 τὸ
463 1277 578 1336 εἶναι,
597 1283 638 1324 τὸ
654 1283 729 1330 ἐξ’
709 1284 865 1337 ανάγκης
886 1283 1083 1333 ἀληθεύειν·
1104 1283 1212 1338 τέχνη

98 1331 282 1393 mavul
285 1344 453 1400 φρόνησις
475 1344 536 1384 καὶ
569 1343 675 1399 σοφία
706 1343 892 1398 ψεύδονται
921 1344 987 1397 μέν
1003 1359 1113 1393 ποτε,
1136 1345 1213 1385 ἀλλ’

110 1385 196 1445 ’ὃ
222 1404 269 1444 δι’
287 1402 435 1452 ἑαυτάς,
467 1402 560 1443 ἀλλὰ
591 1402 649 1443 διὰ
688 1403 752 1453 τὴν
789 1408 853 1453 τῆς
884 1403 971 1452 ὕλης
990 1404 1213 1456 ἀνωμαλίαν·

87 1430 238 1531 ῗτὸει
250 1461 319 1518 γάρ
337 1479 392 1517 τις
421 1459 565 1516 μέθοδος
585 1463 752 1518 ψεύδεται
780 1465 831 1503 δι’
859 1464 1012 1512 ἑαυτήν,
1038 1463 1121 1503 ὅταν
1142 1463 1213 1503 ἀπὸ

80 1525 100 1580 ᾖ),
148 1521 226 1577 τῧῖν
241 1522 398 1565 κανόνων
425 1524 536 1571 αὔτης
561 1523 602 1562 τὸ
620 1523 747 1578 ψευδος
780 1526 990 1574 συνάγηται·
1019 1523 1099 1563 εἶδ’
1121 1523 1210 1572 αὔτὴ

91 1571 221 1662 Νιιῦν
234 1581 318 1639 περὶ
334 1581 416 1629 τους
428 1581 574 1627 οἰκείους
586 1581 737 1627 κανόνας
753 1584 858 1633 ὑγιως
873 1582 970 1636 ἔχει,
989 1582 1035 1622 τὰ
1048 1582 1085 1621 δὲ
1098 1586 1212 1636 πράγ-

139 1692 143 1697 ,
236 1641 398 1684 lum·
419 1641 536 1687 ἄλλως
555 1641 686 1696 ἔχοντα
719 1641 760 1682 τὸ
782 1643 909 1696 ψευδος
932 1645 1115 1694 ποιοῦσιν,
1146 1645 1212 1682 οὐκ

262 1703 404 1756 λέγοιτο
433 1701 476 1742 ἂν
498 1701 641 1747 δικαίως
669 1700 824 1755 ψευδής,
845 1705 868 1751 ἡ
892 1700 929 1741 δὲ
950 1702 1125 1756 ὑπόληψις
1150 1702 1212 1742 καὶ

81 1811 83 1814 ⁴
97 1789 148 1820 ,ὦ
169 1748 294 1823 δόξα·
312 1761 459 1803 καὶτῶν
475 1754 749 1813 γινωσκομένων
770 1761 863 1800 ἀεὶ*
844 1760 1014 1805 ωσαύτως
1034 1761 1210 1814 ἐχόντων,

18 1818 19 1822 “
82 1826 104 1835 ”’
94 1807 247 1871 ἀὑτὴ
258 1821 442 1878 ψεύδεται·
459 1819 536 1861 ὅθεν
554 1822 596 1869 δ”1
598 1822 659 1860 λον
682 1819 736 1860 ὅτι
753 1821 793 1860 οὖ
814 1821 860 1860 δι’
877 1821 1006 1870 ἑαυτὴν
1028 1820 1208 1875 ψεύδεται·

17 1940 19 1942 v
70 1883 101 1926 ξς
124 1880 276 1953 'rme
293 1897 334 1930 το
353 1882 488 1923 οἴεσθαι
507 1881 567 1921 τὸν
587 1881 688 1929 ἥλιον
711 1883 871 1922 ποδιαῖον
890 1875 980 1922 ειναι
994 1912 1004 1930 ,
1029 1881 1052 1930 ἢ
1069 1881 1131 1930 τὴν
1151 1898 1209 1922 σε·

141 1986 144 1991 ,
215 1942 265 1983 f‘v
295 1941 431 1983 οἴκοθεν
453 1941 549 1996 ἔχειν
580 1939 622 1980 τὸ
641 1943 726 1996 φῶς·
756 1940 889 1981 τούτων
910 1939 980 1994 γὰρ
1000 1944 1046 1985 ὡς
1072 1941 1212 1995 ἔχουσιν

146 1999 159 2006 '⁴
194 1993 354 2056 ὶ-,ὁμοίοις
373 2000 554 2078 ἑχόντων
545 2004 568 2050 ἦ
588 2016 668 2054 περι
702 2001 818 2040 αὐτῶν
849 2000 931 2046 δόξα
950 2016 1012 2040 και
1033 2000 1208 2056 ὑπόληψις

182 2105 186 2110 ,
221 2061 334 2109 δοται.
353 2062 412 2103 Τὰ
431 2060 495 2114 μὲν
513 2055 572 2102 ουν
594 2060 811 2110 ἀληθεύοντα
839 2060 948 2100 πέντε
969 2060 1056 2100 εἰσὶν
1078 2063 1125 2106 ὡς
1152 2062 1207 2101 εἴ-

143 2136 272 2176 ρηται·
295 2120 420 2176 ῥητέον
455 2120 492 2160 δὲ
511 2121 546 2160 τί
566 2119 688 2160 ἐστινσι
709 2119 856 2160 ἕκαστον
888 2121 1018 2159 αὐτων·
1049 2119 1109 2160 καὶ
1141 2121 1209 2174 γὰρ

119 2226 122 2228 .
154 2182 203 2222 εἰ
217 2180 280 2225 καὶ
311 2180 522 2232 ὁμοιότητας
549 2179 702 2234 ἔχουσιο
735 2179 822 2233 πρὸς
846 2179 986 2228 ἄλληλα
1024 2178 1106 2232 (καὶ
1139 2179 1208 2253 γὰρ

78 2279 80 2283 .
152 2241 273 2283 πολλὰ
289 2240 391 2282 κοινὰ
407 2239 519 2294 τέχνῃ
538 2240 600 2281 καὶ
615 2239 812 2291 ἐπιστήμῃ,
830 2240 891 2279 καὶ
913 2233 1011 2283 αυθις
1031 2239 1210 2292 ἐπιστήμῃ

77 2298 87 2346 ’,
151 2299 215 2344 καὶ
239 2299 364 2355 σοφία,
385 2298 448 2341 καὶ
466 2304 540 2344 τοῖς
561 2298 683 2344 ἄλλοις
702 2299 851 2351 ὁμοίιος)
889 2298 966 2338 ἀλλ’
989 2298 1084 2349 ὅμως
1105 2299 1210 2351 ἀκρι-

146 2359 228 2406 fi&
242 2363 416 2402 σκοποῦσι
435 2359 518 2414 περὶ
538 2360 676 2409 αὐτῶν,
696 2360 758 2399 καὶ
778 2359 928 2415 διάφορά
948 2360 1041 2407 εἶσι,
1062 2358 1123 2397 καὶ
1136 2358 1211 2396 διά-

271 2422 292 2461 6
311 2421 464 2461 ἑκάστου
486 2419 602 2471 λόγος.

206 2480 244 2499 ””
261 2478 471 2532 Ἐπιστήμη
493 2478 558 2531 μὲν
578 2473 638 2519 ουν
658 2479 733 2519 ἔστι
747 2481 877 2533 γνῶσις
896 2481 966 2518 τῶν
989 2478 1206 2526 ἀναγκαίων·

112 2515 269 2602 &lxxivo
291 2534 362 2595 γὰρ
375 2538 528 2593 λέγομεν
559 2537 792 2588 ἐπίστασθαι,
813 2538 832 2578 ὃ
863 2540 927 2578 οὐκ
947 2537 1127 2590 ἐνδέχεται
1149 2538 1210 2576 ἄλ-

78 2579 233 2659 ,ᾉῃς
238 2599 361 2655 ἔχειν,
380 2597 442 2639 καὶ
460 2593 503 2638 οἷ
522 2598 672 2651 βεὸσίως
687 2598 816 2638 ἐστὶν
798 2615 821 2646 η
842 2599 991 2653 ἀλήθεια
1007 2599 1091 2650 παρ’
1108 2598 1206 2649 ἡμῖν,

96 2642 223 2710 ,8ιᾷ
229 2657 458 2706 τὸταῦτὸν(
487 2658 619 2710 μένειν·
643 2662 666 2706 ἡ
700 2659 770 2711 γὰρ
801 2658 883 2712 περὶ
919 2657 966 2697 τὰ
995 2657 1208 2710 ἐνδεχόμενα

74 2691 300 2787 {mmm
319 2719 387 2772 οὔχ
401 2723 419 2752 ⁸
446 2717 540 2758 οὕτω
561 2717 706 2771 βεὸαία·
744 2717 834 2770 μετὰ
859 2716 927 2771 γὰρ
949 2716 988 2755 τὸ
1008 2718 1209 2768 γνωσθῆναι

63 2768 440 2864 (Ξίφηαὸάλλιται
458 2777 521 2817 καὶ
539 2776 712 2823 πολλάκις
733 2776 898 2816 λανθάνει
928 2775 1205 2828 ἀπογινόμενον,

107 2836 243 2879 &a
267 2837 358 2891 μηδὲ
390 2853 450 2877 τον
479 2837 562 2892 περὶ
596 2840 702 2878 αὐτου
735 2836 838 2888 λόγον
859 2835 922 2876 καὶ
951 2835 1016 2884 τὴν
1039 2836 1206 2883 ἀλήθειαν

71 2874 314 2955 “quem-2,
346 2896 439 2937 ἀλλὰ
473 2897 600 2937 ἄλλοτε
619 2897 736 2942 ἄλλως
764 2895 872 2949 ἔχειν·
894 2890 935 2935 οῧ
967 2895 1003 2934 δὲ
1024 2897 1046 2943 ἡ
1078 2896 1207 2947 γνῶσις

83 2955 281 3015 ,βε16αία
299 2955 361 2996 καὶ
390 2955 564 3005 ἕστηκεν,
600 2955 712 2996 ἐκεῖνό
745 2957 821 2995 ἐστι
850 2971 891 2995 το
922 2956 1114 3006 ἀναγκαῖον
1144 2953 1207 2994 καὶ

89 3010 278 3076 m
294 3014 375 3070 ἕχον
399 3014 469 3055 ἀεί·
489 3019 637 3056 τοιαῦτα
652 3015 689 3055 δέ
704 3017 772 3055 εἶσι
788 3015 833 3055 τὰ
848 3012 960 3055 ἀιδια·
978 3014 1116 3067 ἀνάγκη
1123 3013 1207 3084 m‹it'pzz

90 3096 94 3098 v
206 3075 397 3125 ἰπιστητὸν
414 3074 525 3117 ἀΐδιον
546 3069 662 3129 εἶναι,
686 3074 747 3115 καὶ
768 3073 869 3122 τὴν’
854 3073 1058 3126 επιστήμην
1077 3075 1206 3125 γνῶσιν

142 3156 148 3179 t
205 3140 240 3186 j·
257 3150 330 3176 των
351 3137 489 3180 α’ῖδίων.

71 3173 178 3214 ῥῆξ’
201 3192 259 3216 'm‘
272 3193 374 3246 Ἔτι,
395 3203 495 3237 πᾶσα
510 3196 691 3249 ἐπιστήμη
711 3193 860 3245 διδακτή
878 3196 970 3246 ἐστι,
986 3193 1048 3234 καὶ
1067 3192 1108 3233 τὸ
1128 3194 1206 3233 ἐπι-

126 3256 278 3309 ’στητδν
295 3252 472 3310 μαθητόν.

150 3461 244 3496 δοκεῖ
259 3462 356 3506 εἶναι.
371 3463 444 3496 κτλ.

645 183 951 226 ErfflcoaUM
979 183 1433 228 NlcoMAcnnome
1462 163 1841 231 PARAanAsls.

2240 190 2320 229 435

1317 282 1411 324 Opus
1426 282 1512 315 enim
1533 284 1711 328 utriusque
1735 286 1839 319 animi
1857 285 1962 329 partis
1977 283 2022 318 ad
2040 281 2252 326 cogitandum
2268 291 2329 315 va-

1273 340 1393 380 lentis,
1425 342 1711 384 quemadmodum
1740 344 2064 383 demonstravimus,
2087 343 2214 377 veritas
2239 343 2290 375 est
2320 356 2327 374 :

1273 409 1380 443 quum
1398 410 1479 434 vero
1503 411 1588 444 opus
1604 404 1781 448 utriusque
1797 406 1976 448 appareat,
1995 402 2172 437 manifesta
2195 410 2332 446 quoque

1275 469 1391 493 earum
1408 461 1518 495 virtus
1537 464 1589 496 est
1620 474 1627 495 ;
1646 464 1770 507 quippe
1801 465 1836 498 in
1860 474 1922 498 suo
1949 464 2111 507 cujusque
2133 471 2232 506 opere
2260 462 2332 504 eius

1274 519 1384 553 virtus
1402 521 1552 554 consistit
1570 534 1579 554 :
1607 532 1684 556 nam
1705 523 1788 557 bene
1805 526 1961 567 recteque
1977 523 2133 567 perficere
2148 531 2242 565 opus,
2262 521 2332 555 vir-

1275 581 1332 612 tus
1346 579 1491 613 habetur
1512 593 1520 613 :
1543 581 1679 616 habitus
1712 592 1807 626 ergo,
1829 583 2013 617 secundum
2030 592 2116 626 quos
2134 591 2229 616 suam
2243 583 2334 614 utra-

1274 647 1341 681 que
1356 647 1433 680 pars
1455 639 1632 674 veritatem
1651 651 1755 684 quam
1772 643 1897 686 optime
1922 643 1993 677 fieri
2012 644 2123 686 potest
2146 641 2330 685 profitetur,

1275 698 1327 731 hae
1344 700 1422 731 sunt
1444 699 1620 743 utriusque
1639 701 1794 735 virtutes.

1317 757 1483 801 Principio
1507 759 1610 802 igitur
1629 761 1729 794 altius
1749 762 1891 805 repetito
1917 762 1959 796 de
1983 762 2024 796 iis
2045 771 2164 795 rursus
2187 760 2333 794 dissera-

1275 819 1362 843 mus.
1382 814 1494 850 Quum
1521 822 1599 856 ergo
1625 814 1668 848 de
1683 816 1824 849 veritate
1840 817 1935 850 nobis
1951 817 2128 850 institutus
2141 816 2184 850 sit
2201 825 2327 854 sermo,

1276 863 1459 898 videndum
1481 868 1565 908 quot
1589 867 1697 900 modis
1712 869 1746 902 in
1779 869 1976 903 affirmando
1998 872 2031 903 et
2050 869 2198 912 negando
2215 878 2335 902 verum

1277 916 1450 950 enuntiare
1468 918 1573 959 possit
1589 919 1722 953 animus
1749 932 1756 953 :
1781 923 1814 954 et
1839 925 1923 965 quot
1952 922 2018 956 sint
2037 922 2191 962 habitus,
2211 921 2336 965 quibus

1276 979 1395 1003 verum
1429 972 1650 1007 enuntiamus.
1687 975 1772 1007 Sunt
1794 984 1872 1018 ergo
1909 976 2058 1019 quinque
2093 985 2251 1015 numerO,
2281 985 2337 1009 ars

1278 1023 1453 1063 videlicet,
1474 1024 1631 1065 scientia,
1650 1026 1828 1068 prudentia
1842 1054 1850 1069 ‚
1869 1029 2049 1071 sapientia,
2066 1038 2160 1062 mens
2187 1029 2259 1062 sive
2283 1028 2335 1060 in-

1277 1078 1460 1122 telligentia
1490 1091 1498 1111 :
1530 1088 1608 1111 nam
1641 1079 1920 1115 existimationem
1956 1084 1990 1115 et
2028 1083 2232 1125 opinionem,
2259 1090 2336 1124 quae

1277 1137 1410 1168 tantum
1435 1142 1495 1175 pro
1530 1133 1658 1166 ratione
1681 1135 1870 1176 temporum
1887 1145 2007 1168 verum
2032 1135 2226 1174 enuntiant,
2255 1143 2338 1177 prae-

1277 1187 1505 1223 termittimus.
1526 1187 1579 1219 Ex
1597 1186 1639 1219 iis
1659 1187 1749 1220 enim
1763 1197 1849 1230 quas
1871 1188 2018 1222 diximus
2029 1189 2180 1232 quinque
2193 1188 2338 1222 faculta-

1277 1242 1371 1276 tibus
1387 1249 1557 1282 nunquam
1574 1249 1682 1282 neque
1707 1239 1925 1283 intelligentia
1944 1240 2086 1281 fallitur,
2100 1250 2209 1284 neque
2230 1241 2338 1274 scien-

1277 1297 1352 1330 tia:
1370 1294 1494 1338 quippe
1523 1294 1587 1326 hoc
1614 1296 1735 1327 natura
1754 1295 1796 1328 iis
1822 1295 1963 1329 insitum
1990 1298 2061 1335 est,
2085 1298 2123 1329 ut
2149 1295 2335 1330 necessario

1278 1358 1399 1383 verum
1416 1346 1589 1381 enuntient
1610 1359 1617 1380 :
1641 1356 1696 1380 ars
1716 1356 1816 1388 vero,
1849 1349 2027 1392 prudentia
2043 1350 2078 1383 et
2103 1349 2265 1392 sapientia
2286 1348 2338 1381 in-

1277 1401 1412 1436 terdum
1432 1399 1570 1444 quidem
1583 1427 1591 1439 ,
1613 1410 1678 1433 non
1697 1410 1757 1444 per
1777 1411 1813 1435 se
1830 1403 1943 1436 tamen
1968 1402 2187 1440 mentiuntur,
2205 1401 2264 1435 sed
2294 1401 2337 1434 oh

1277 1454 1427 1490 materiae
1447 1453 1710 1497 inaequalitatem
1735 1470 1744 1489 ι
1769 1457 1850 1488 tunc
1867 1456 1955 1489 enim
1977 1466 2037 1499 per
2052 1465 2088 1490 se
2112 1452 2275 1490 mentitur
2287 1465 2339 1488 ar-

1277 1519 1416 1552 tificiosa
1437 1519 1480 1552 de
1498 1527 1535 1551 re
1561 1515 1720 1560 quapiam
1735 1511 1902 1546 tractandi
1917 1511 2022 1549 ratio,
2042 1519 2147 1553 quum
2163 1510 2287 1552 regulis
2302 1512 2335 1543 et

1278 1572 1454 1615 praeceptis
1481 1571 1572 1604 illius
1598 1568 1721 1602 falsum
1755 1565 1943 1607 colligitur:
1975 1564 2097 1607 quodsi
2124 1564 2248 1605 regulae
2266 1564 2338 1606 ejus

1278 1629 1379 1661 certae
1397 1629 1498 1666 sunt,
1524 1635 1578 1659 res
1597 1625 1679 1667 ipsae
1709 1631 1790 1655 vero
1811 1629 1888 1664 quae
1919 1620 2002 1653 alias
2025 1619 2123 1652 aliter
2151 1628 2187 1652 se
2210 1618 2334 1652 habent

1278 1680 1402 1714 falsum
1422 1679 1596 1717 efficiunt,
1612 1686 1679 1710 non
1704 1675 1762 1708 illa
1786 1673 1906 1707 merito
1928 1672 2012 1718 falsa
2032 1671 2246 1715 appellanda,
2276 1670 2337 1703 sed

1278 1733 1479 1767 existimatio
1492 1732 1565 1775 ejus
1581 1732 1615 1764 et
1631 1729 1743 1774 opinio
1758 1737 1799 1761 eo
1812 1726 1945 1760 nomine
1964 1725 2139 1759 afficienda
2155 1726 2233 1758 est·
2258 1733 2337 1757 nam

1275 1796 1383 1830 quum
1403 1795 1442 1820 ea
1456 1812 1464 1825 ‚
1491 1793 1570 1828 quae
1594 1783 1630 1816 in
1657 1781 1879 1825 cognitionem
1900 1778 2036 1818 cadunt,
2058 1778 2174 1811 eodem
2206 1786 2336 1820 semper

1274 1840 1376 1873 modo
1393 1849 1430 1873 se
1449 1839 1610 1876 habeant,
1630 1837 1696 1870 ista
1714 1837 1766 1868 est
1783 1843 1860 1877 quae
1878 1834 2038 1867 mentitur
2058 1845 2065 1865 :
2083 1831 2172 1866 unde
2187 1834 2334 1875 apparet,

1276 1903 1350 1927 eam
1377 1902 1437 1936 per
1464 1901 1500 1926 se
1533 1900 1599 1924 non
1629 1888 1788 1923 mentiri:
1807 1889 1847 1920 ut
1868 1887 1897 1920 si
1924 1886 2001 1930 quis
2025 1885 2211 1929 pedaneum
2233 1885 2337 1918 solem

1275 1956 1348 1982 esse
1365 1946 1535 1980 existimet
1559 1972 1565 1985 ,
1585 1945 1644 1978 aut
1665 1943 1777 1976 lunam
1806 1941 1919 1974 lumen
1945 1949 1986 1973 ex
2005 1948 2040 1972 se
2072 1948 2246 1972 accensum
2274 1939 2337 1971 ha-

1276 2001 1354 2035 bere
1371 2012 1378 2033 ι
1394 2000 1552 2034 nimirum
1563 1997 1644 2042 quia
1663 1997 1737 2030 haec
1757 1995 1873 2029 eodem
1892 2003 2020 2036 semper
2037 1993 2138 2026 modo
2151 2002 2186 2026 se
2198 1993 2333 2032 habent,

1276 2055 1480 2089 existimatio
1497 2055 1540 2088 de
1559 2053 1600 2086 iis
1621 2051 1784 2085 mentitur
1800 2051 1834 2082 et
1854 2048 1976 2092 opinio.
2001 2050 2084 2087 Quae
2100 2047 2203 2089 igitur
2218 2057 2336 2080 verum

1275 2111 1469 2149 enuntiant,
1494 2109 1643 2153 quinque
1679 2108 1774 2143 sunt,
1809 2106 1849 2137 ut
1882 2104 2031 2137 diximus
2063 2115 2070 2135 :
2098 2101 2336 2135 declarandum

1276 2168 1402 2206 autem,
1421 2174 1498 2209 quae
1512 2165 1557 2197 sit
1574 2162 1779 2204 singulorum
1796 2159 1849 2192 vis
1866 2169 1874 2191 z
1894 2157 2016 2191 etenim
2035 2156 2190 2199 quamvis
2207 2156 2336 2197 singula

1276 2222 1474 2254 caeterorum
1519 2219 1675 2251 mutuam
1719 2212 1888 2256 quandam
1927 2210 2181 2244 similitudinem
2219 2212 2336 2251 gerant

1273 2275 1284 2315 <
1298 2274 1405 2307 multa
1434 2271 1590 2305 videlicet
1611 2268 1676 2302 arti
1695 2277 1771 2300 cum
1802 2264 1956 2302 scientia,
1980 2272 2163 2306 rursusque
2188 2263 2335 2296 scientiae

1274 2338 1352 2361 cum
1371 2326 1531 2370 sapientia
1546 2326 1580 2357 et
1599 2322 1736 2365 reliquis
1756 2320 1908 2353 similiter
1925 2318 2113 2351 communia
2131 2317 2232 2358 sunt)
2252 2317 2336 2349 nihi-

1273 2383 1417 2417 lominus
1432 2381 1461 2414 si
1480 2377 1669 2413 accuratius
1685 2374 1914 2417 inspiciantur,
1935 2374 2047 2405 tamen
2065 2370 2246 2412 differunt,
2265 2373 2335 2404 est-

1273 2446 1340 2481 que
1357 2435 1489 2469 diversa
1504 2432 1709 2475 singulorum
1726 2427 1886 2461 delinitio.

1315 2492 1460 2528 Scientia
1488 2491 1590 2534 igitur
1624 2496 1737 2522 rerum
1771 2483 2034 2519 necessariarum
2066 2484 2118 2516 est
2150 2481 2292 2525 cognitio
2323 2494 2331 2515 ι

1271 2555 1395 2598 quippe
1422 2551 1506 2585 illud
1531 2550 1616 2583 scire
1647 2557 1716 2581 nos·
1734 2545 1899 2585 dicimus,
1919 2543 2011 2587 quod
2035 2543 2132 2576 aliter
2151 2552 2187 2575 se
2212 2542 2334 2575 habere

1270 2626 1337 2650 non
1348 2615 1484 2658 potest,
1516 2612 1680 2654 quusque
1697 2608 1820 2642 veritas
1843 2607 1936 2639 tirme
1961 2605 1997 2638 in
2018 2603 2189 2638 mentibus
2212 2603 2334 2636 nostris

1271 2675 1429 2712 inhaeret,
1453 2673 1628 2716 propterea
1646 2668 1739 2712 quod
1756 2676 1862 2700 unum
1885 2665 2042 2708 idemque
2061 2665 2174 2697 manet
2198 2673 2206 2696 ε
2225 2672 2334 2705 neque

1271 2735 1360 2769 enirn
1380 2730 1642 2775 contingentium
1664 2737 1762 2772 aeque
1789 2727 1945 2760 constans
1967 2724 2093 2759 veritas
2114 2726 2189 2757 est:
2208 2722 2333 2766 quippe

1269 2797 1448 2840 postquam
1465 2791 1596 2835 cognita
1622 2791 1717 2828 sunt,
1738 2788 1924 2826 mutantur,
1947 2787 1982 2820 et
2002 2794 2090 2828 saepe
2106 2784 2202 2818 nobis
2219 2783 2333 2817 insciis

1269 2856 1433 2899 pereunt,
1459 2853 1508 2886 ita
1524 2854 1563 2885 ut
1589 2858 1697 2894 neque
1724 2847 1811 2882 ratio
1840 2856 1956 2881 eorum
1978 2853 2086 2888 neque
2103 2844 2228 2878 veritas
2255 2852 2332 2886 per-

1269 2916 1425 2955 maneat,
1443 2911 1502 2947 sed
1519 2910 1601 2945 alias
1626 2909 1723 2943 aliter
1748 2917 1784 2942 se
1800 2907 1923 2942 habeat
1942 2919 1950 2939 z
1977 2905 2073 2949 cujus
2094 2907 2206 2938 autem
2236 2903 2332 2936 firma

1270 2974 1470 3017 stabilisque
1499 2973 1551 3005 est
1572 2968 1734 3012 cognitio,
1763 2967 1800 3001 id
1818 2976 1899 3001 vero
1918 2967 1969 3000 est
1994 2964 2086 3008 quod
2106 2963 2330 2998 necessarium
2386 2965 2397 2976 ·

1267 3037 1408 3070 vocatur
1423 3035 1458 3067 et
1477 3031 1594 3066 eodem
1612 3037 1742 3073 semper
1756 3027 1857 3062 modo
1875 3036 1910 3060 sc
1926 3025 2052 3060 habere
2071 3025 2195 3058 dicitur
2219 3037 2226 3056 :
2247 3024 2328 3056 talia

1269 3096 1384 3128 autem
1409 3093 1488 3125 sunt
1514 3092 1640 3124 oeterna
1658 3100 1666 3122 ε
1685 3096 1791 3132 quare
1818 3095 1954 3120 necesse
1979 3087 2050 3124 est,
2083 3084 2118 3117 id
2150 3083 2240 3127 quod
2265 3083 2329 3115 sub

1267 3150 1442 3187 scientiam
1469 3148 1560 3184 cadit
1590 3150 1757 3182 aeternum
1782 3154 1873 3186 esse,
1893 3143 2183 3188 cognitionemque
2216 3149 2328 3174 rerum

1267 3216 1468 3249 aeternarum
1483 3219 1556 3246 esse
1576 3208 1760 3244 scientiam.

191 3410 211 3432 *
223 3411 304 3457 ΟΨ.
323 3415 354 3448 3.
386 3410 577 3458 Ἀρξάμενοι
601 3413 658 3448 οὖν
683 3413 819 3454 ἄνωθεν,
833 3413 904 3445 κτλ.
926 3427 969 3434 --
989 3410 1030 3457 f*
1053 3407 1241 3451 Ἐπιστήμη
1258 3406 1318 3450 μὲν
1334 3406 1392 3440 οὖν
1407 3405 1438 3440 τί
1455 3406 1556 3447 ἐστιν,
1570 3406 1640 3439 κτλ.
1663 3419 1707 3429 -
1724 3402 1782 3423 *⁴¹*
1802 3400 1875 3435 Ἔτι
1896 3399 2032 3437 διδακτὴ
2049 3401 2142 3430 πᾶσα
2159 3396 2323 3438 ἐπιστήμη
