2508 3776
598 213 903 254 ETHICORUM
931 210 1382 253 NlCOMAGHEORUM
1411 211 1790 251 PARAPHRASIS.
1803 210 1808 217 “

114 299 278 344 ''fl-um
295 301 366 356 γὰρ
378 304 492 341 ταῦτα
511 307 586 346 ταῖς
606 302 763 355 ἀρίσταις
785 301 968 356 ἐνεργείαις
988 299 1155 352 ὑπάρχει.

54 361 70 390 ’Ϊ
86 413 91 416 ¹
115 352 260 406 Men<
277 360 316 400 δέ
331 376 447 414 φαμεν
467 353 555 400 εἶναι
574 361 637 410 τὴν
664 360 886 413 εὐδαιμονίαν
899 388 910 408 ,
931 358 954 406 ἢ
977 358 1060 410 μίαν
1076 355 1161 395 τού-

115 431 197 462 τῡν·
202 420 268 470 τὴν
284 422 411 460 πασῶν
432 423 595 473 ἀρίστην

57 497 64 505 .
119 492 165 514 4

1 545 3 547 ’
27 539 42 578 J
121 556 175 571 -Μ
548 539 650 591 Κεφ’
664 541 727 584 ις’.

71 660 74 661 ⁷
117 642 197 684 ’,Οτι
214 646 322 679 δεῖται
347 647 404 679 καὶ
429 647 495 678 τῶν
519 646 633 684 ἔξωθεν
663 646 785 688 μέλλων
808 646 1026 687 εὐδαιμονεῖν,
1056 646 1084 677 εἰ
1107 644 1164 676 καὶ

54 695 58 699 ”
154 694 205 738 μή
231 694 265 727 ἐν
289 697 359 732 τοῖς
382 693 496 731 ἔξωθεν
517 696 536 732 ἡ
560 693 752 734 εὐδαιμονία
779 693 992 725 συνίσταται.
1023 692 1087 724 Καὶ
1114 692 1164 723 ὅτι

157 739 220 775 m
235 735 324 798 ἔστιν
343 741 408 773 ἀπὸ
421 741 518 783 τύχης
530 742 550 779 ἡ
571 739 752 782 ἀνθρωπίνη
773 739 975 781 εὐδαιμονία.

162 834 279 879 Ἐστι
297 838 360 890 μὲν
374 832 434 877 ουν
449 837 490 876 τὸ
507 830 596 877 εἶναι
611 839 674 884 τ’ἥς
695 836 916 886 εὐδαιμονίας
934 838 969 875 ἐν
988 836 1064 880 ταῖς
1077 837 1164 888 ἀγα·

117 900 194 943 θαῖς
205 897 367 953 πράξεσι.
382 897 399 915 *
415 897 592 936 Φαίνεται
607 898 636 935 δ’
650 898 744 945 ὅμως
756 896 817 935 καὶ
835 898 904 934 τῶν
916 895 1013 940 ἐκτὸς
1025 898 1163 946 ἀγαθῶν

52 978 76 998 ,r
117 957 356 1011 προσδεομένη
372 987 384 1006 ,
407 957 566 1010 καθάπερ
585 955 743 1007 εἴπομεν.
766 955 951 995 Ἀδύνατον
972 955 1066 1008 γάρ,
1082 955 1105 1002 ἢ
1126 955 1164 993 οὗ

124 1017 264 1073 ῥᾴδιον,
282 1017 327 1056 τὰ
349 1018 442 1056 καλὰ
462 1017 647 1070 πράττειν,
670 1015 719 1067 μὴ
742 1015 973 1068 βοηθούμενον
993 1017 1064 1059 τοῖς
1086 1014 1167 1060 ἔξω·

50 1074 69 1102 :s
117 1079 190 1116 θεν.
211 1076 336 1117 Πολλὰ
352 1075 420 1129 γὰρ
437 1078 506 1115 τῶν
525 1074 680 1128 ἀρίστων
699 1073 895 1128 πράττεται
918 1073 975 1112 διὰ
994 1075 1064 1112 τῶν
1087 1073 1167 1118 ἔξω·

54 1162 67 1174 „2
118 1135 371 1188 &Quom-:ep
390 1135 435 1175 δι’
454 1135 611 1188 ὀργάνων
623 1165 634 1185 ,
656 1133 680 1182 ἢ
699 1132 756 1172 διὰ
756 1133 908 1205 ωφίλων,
932 1133 955 1180 ἢ
977 1133 1035 1170 διὰ
1054 1132 1166 1172 πλού-

48 1212 51 1213 ’
117 1210 204 1245 τοῦ,
220 1195 247 1244 ἢ
264 1193 324 1237 διὰ
342 1197 404 1244 τῆς
433 1196 470 1234 ἓν
496 1197 541 1245 τῇ
560 1194 662 1234 πόλει
693 1209 821 1245 τιμης,
847 1193 907 1232 καὶ
943 1193 1076 1246 ἀρχης,
1107 1192 1167 1231 καὶ

119 1251 311 1308 &wip-me.
334 1254 479 1308 Ὥσπερ
501 1270 562 1294 και
577 1252 613 1294 οἵ
630 1268 732 1293 τινων
748 1252 882 1292 τούτων
900 1251 1167 1305 στερισκόμενοι

119 1314 261 1364 ἃκιλλῆ
291 1331 371 1357 τινα
396 1314 460 1364 τὴν
486 1313 711 1365 εὐδαιμονίαν
732 1328 904 1354 ποιουσιν.
945 1307 1031 1352 Οἱον
1058 1312 1090 1351 εἴ
1117 1327 1168 1356 τις

42 1359 51 1423 ¹j
118 1372 280 1432 ἄροιτο
311 1373 522 1427 εὖγενείας*
502 1390 526 1422 η
548 1372 742 1420 εὐτεκνίας,
765 1371 788 1419 ἢ
819 1371 1057 1416 κάλλους.οὔ
1076 1370 1169 1409 πάνυ

49 1444 53 1445 ’
117 1426 189 1489 γᾶρ
207 1432 446 1485 εὖδαιμονικὸς
464 1435 482 1471 ὁ
501 1432 565 1480 τὴν
581 1433 662 1471 θέαν
681 1431 919 1484 πάναισχρος,
940 1430 963 1478 ἢ
984 1431 1166 1483 δυσγενής,

61 1495 70 1523 ἲ.
114 1488 147 1538 ἢ
164 1489 325 1543 μονῶτης
355 1490 417 1531 καὶ
446 1490 607 1539 ἄτεκνος,
637 1489 660 1537 ἢ
694 1488 822 1533 κακους
853 1487 1030 1532 παῖδας”
1010 1505 1127 1542 εχων,
1145 1487 1169 1535 ἢ

119 1548 271 1607 ἀγαθοὺς
289 1548 492 1590 ἅποὸαλών·
514 1549 571 1589 διὰ
586 1548 693 1588 τουτό
705 1564 843 1602 φαμεν,
862 1547 926 1595 τὴν
946 1547 1169 1599 εὐδαιμονίαν

335 1627 347 1650 ι
363 1610 426 1650 καὶ
443 1613 507 1658 τῆς
532 1609 697 1656 τοιαύτης
719 1608 923 1660 εὐημερίας.
947 1608 1022 1648 Καὶ
1043 1607 1169 1646 τούτου

58 1694 98 1717 e
120 1669 229 1724 χάριν
242 1667 334 1714 τινὲς
325 1668 416 1744 ”dv
436 1669 493 1708 διὰ
515 1670 586 1707 τῶν
607 1667 731 1713 ἔξωθεν
753 1666 920 1719 εὐτυχίαν
936 1666 1062 1706 ταύτὸν
1080 1660 1170 1706 εἶναι

58 1720 101 1777 1.J
118 1728 289 1783 mmm
303 1731 350 1783 τῇ
369 1726 566 1780 ζητουμένη
586 1725 804 1779 εὐδαιμονία·
825 1724 908 1764 ἔνιοι
931 1726 968 1763 δέ
988 1741 1093 1779 φασιν
1113 1721 1167 1765 εἷ·

116 1796 184 1829 m
198 1787 265 1838 ἢν
283 1787 428 1842 ἀρετήν·
451 1786 506 1827 ὅτι
526 1785 588 1825 καὶ
614 1785 821 1839 ἀμφοτέρων
846 1784 952 1838 χρεία
974 1788 1024 1838 τῷ
1043 1785 1171 1839 κυρίως

71 1889 78 1894 ,,
120 1846 340 1902 Maon.-

51 1927 80 1962 .ss
148 1902 219 1925 ““
233 1906 306 1948 Καὶ
326 1905 385 1946 διὰ
400 1909 503 1946 τοῦτο
518 1906 719 1959 ἀπορεῖται,
731 1903 876 1953 πότερον
891 1902 1086 1955 μαθητόν’
1070 1920 1144 1943 εστι
1157 1934 1168 1956 ,

67 1980 77 2005 -“
91 1982 98 1990 ”
116 1963 199 2011 παῖ
202 1966 262 2009 διὰ
276 1966 424 2020 μεθόδου
439 1966 532 2011 τινὸς
545 1964 798 2018 παραγίνεται,
820 1961 843 2010 ἢ
862 1965 902 2002 ε’κ.
920 1967 980 2002 τοῦ
1000 1964 1171 2009 ἐθίζεσθαι

122 2025 302 2078 mmm?
323 2025 452 2079 ἀρετὴν
480 2023 668 2077 πράξεσιν,
690 2022 712 2070 ἢ
735 2024 779 2061 δι’
803 2023 914 2069 ἄλλης
946 2038 1038 2066 τινος
1058 2023 1172 2070 ἀσκή-

59 2132 62 2133 ⁷
123 2101 233 2134 πως,
253 2085 278 2134 ἢ
300 2085 415 2126 θεόθεν
434 2083 570 2123 δίδοται
597 2088 667 2127 τοῖς
687 2080 904 2134 ἀνθρώποις,
926 2079 949 2126 ἢ
971 2080 1040 2119 ἀπὸ
1062 2081 1171 2134 τύχης

57 2151 58 2154 ’
124 2146 230 2192 τινός.
247 2146 355 2188 Δοκεῖ
370 2144 430 2195 δέ,
452 2141 508 2183 ὅτι
524 2145 555 2182 εἰ
573 2143 634 2182 καὶ
649 2142 737 2181 ἄλλο
751 2157 786 2180 τι
804 2140 952 2192 δώρημά
977 2143 1053 2180 ἐστι
1073 2141 1171 2194 παρὰ

42 2243 55 2262 u
125 2209 208 2248 θεοῦ
228 2205 300 2251 τοῖς
314 2203 509 2257 ἀνθρώποις
523 2233 534 2255 ‚
551 2202 611 2242 καὶ
633 2206 736 2241 τοῦτο
767 2200 809 2239 ἂν
829 2200 883 2248 εἴη
913 2200 1067 2245 δικαίως.
1101 2202 1172 2241 Καὶ

126 2265 284 2320 μάλιστα
302 2263 340 2304 δὲ
354 2265 424 2303 τῶν
446 2263 562 2303 ἄλλων
580 2261 633 2310 εἴη
651 2261 694 2301 ἂν
713 2265 735 2309 ἡ
757 2261 963 2311 εὖδαιμονία
980 2260 1173 2310 θεόσδοτος,

191 2327 194 2330 ’
214 2322 277 2363 καὶ
296 2321 477 2376 βέλτιστον
503 2323 573 2360 τῶν
602 2319 829 2373 ἀνθρωπίνων
853 2319 1032 2359 ἁπάντων.
1065 2320 1173 2360 Ἀλλὰ

47 2367 72 2424 ‚¹
123 2380 250 2435 τὸῬὶν
271 2381 351 2436 περὶ
369 2379 501 2420 τούτων
521 2379 657 2432 λέγειν,
672 2382 746 2420 τῶν
773 2378 854 2433 περὶ
874 2379 1038 2432 προνοίας
1058 2378 1100 2418 ἂν
1118 2380 1171 2428 εἴη

125 2434 264 2507 libum,
295 2438 358 2480 καὶ
392 2439 502 2488 ἄλλης
530 2437 792 2492 πραγματείας·
824 2440 910 2489 ἡμῖν
943 2438 980 2477 δὲ
1009 2438 1102 2478 κατὰ
1133 2440 1173 2479 τὸ

119 2499 611 2606 ᾞκῧαῗετὶἵοξῖίῗιῗζῃ
629 2497 1022 2608 εῗεὲέξῳμξκέἔξὶἱέἔτός
1042 2558 1133 2596 ἐστιν
1149 2560 1171 2605 ἡ

63 2616 354 2670 ἦιῦδαιμονία,
372 2617 465 2658 ἀλλὰ
485 2615 528 2655 δι’
549 2615 698 2669 ἀρετήν,
719 2615 742 2663 ἢ
762 2615 874 2663 ἄλλην
892 2616 969 2655 τινὰ
999 2616 1171 2664 ἄσκησιν,

62 2679 110 2718 ⁵5·
121 2677 389 2734 παραγίνεται,
411 2676 506 2727 ὅμως
522 2692 591 2714 των
617 2675 804 2715 θειοτάτων
825 2671 926 2715 εἶναι.
948 2675 1002 2715 Τὸ
1025 2676 1093 2728 γὰρ
1113 2679 1176 2724 τ’ἥς

74 2735 256 2795 τῆριιης
275 2731 382 2776 ἆθλον
403 2735 469 2775 καὶ
489 2735 605 2782 τέλος,
633 2735 719 2788 ὅπερ
740 2735 835 2774 ἐστὶν
862 2735 950 2782 αὐτὴ
970 2738 993 2782 ἠ
1011 2737 1175 2788 εὐδαιμο-

55 2796 208 2853 θρὰ,
224 2796 366 2851 ἄριστον
386 2788 652 2849 εἶναιφαίνεται
670 2811 730 2834 και
747 2794 840 2834 θεῖόν
856 2810 891 2834 τι
909 2794 970 2833 καὶ
987 2795 1173 2849 μακάριον·

120 2855 267 2910 vestimen
295 2856 327 2894 δ’
357 2853 399 2894 ἂν
433 2853 494 2894 καὶ
518 2859 611 2894 πᾶσι
644 2853 772 2893 κοινόν.
808 2852 964 2893 Δυνατὸν
993 2853 1062 2929 γὰρ
1088 2861 1176 2894 πᾶσι

64 2926 106 2966 4⁶?
129 2916 204 2960 τοῖς
222 2913 274 2968 μὴ
293 2913 357 2962 τὴν
377 2913 530 2953 διάνοιαν
562 2913 842 2967 βεὸλαμμένοις,
874 2913 935 2952 καὶ
956 2913 1073 2966 πάντῃ
1095 2915 1177 2954 ἀκι-

74 2971 246 3030 νήπις
270 2972 358 3028 πρὸς
381 2971 446 3021 τὴν
467 2989 592 3021 κτησιν
611 2976 675 3020 τῆς
696 2974 842 3026 ἀρετῆς,
861 2972 919 3010 διά
944 2988 1034 3018 τινος
1061 2973 1177 3024 μαθή-

63 3051 85 3099 ³³²³
128 3027 785 3144 ’Ἢῖἕῖοζῖλέίῖἓτῗῖἒῖἷᾞσῖἒζ
804 3032 1045 3165 Ϊεδίῖζζῖνὲἶῖ
1050 3093 1180 3131 ..2220-

125 3147 236 3207 τῷαν
248 3150 404 3206 ὑπάρξαι
421 3151 488 3199 τὴν
505 3151 747 3202 εὐδαιμονίαν,
759 3151 815 3199 ἢ
796 3151 867 3189 απὸ
883 3151 1005 3203 τύχης.
1021 3150 1180 3201 Ὁμοίως

69 3211 78 3242 :¹
129 3207 247 3253 &aaut
264 3210 310 3250 τὰ
326 3209 397 3251 ἀπὸ
420 3210 537 3259 πάσης
555 3211 665 3258 ἄλλης
685 3211 798 3254 αἰτίας
818 3209 1002 3262 γινόμενα,
1022 3209 1044 3257 ἢ
1066 3225 1180 3262 τεχνι-

133 3269 222 3322 κῆς,
241 3267 265 3317 ἢ
296 3284 444 3322 φυσικης
461 3299 472 3318 ,
498 3269 627 3322 βελτίω
647 3273 717 3309 τῶν
739 3271 810 3308 ἀπὸ
830 3269 941 3321 τύχης
971 3268 1177 3319 γινομένων·

2190 207 2263 248 32¹

1224 303 1340 335 Insunt
1357 302 1444 335 enim
1456 302 1529 335 haec
1543 303 1652 336 omnia
1671 302 1705 336 in
1723 302 1857 346 optimis
1868 302 2016 336 muneris
2032 299 2266 335 functionibus.

1222 363 1414 395 Hasautem
1430 364 1487 395 aut
1516 362 1636 394 harum
1661 373 1760 395 unam
1785 363 1933 395 omnium
1953 362 2110 404 optimam
2126 360 2269 393 felicita-

1224 431 1291 456 tem
1306 432 1378 457 esse
1397 422 1553 456 diximus.

1653 555 1733 595 Cap.
1760 555 1831 586 XVI
1838 581 1843 586 .

1225 650 1366 679 Externis
1389 650 1479 680 etiam
1495 650 1585 678 rebus
1597 656 1685 683 egere
1696 656 1777 683 eum,
1792 651 1845 685 qui
1858 648 1927 679 felix
1943 649 2064 678 tuturus
2085 650 2131 684 sit,
2150 649 2222 678 licet
2241 648 2272 677 in

1260 698 1391 727 externis
1415 705 1479 726 non
1493 696 1639 726 consistat
1660 695 1800 726 felicita&
1826 699 1901 726 Item
1917 697 2080 726 humanam
2100 697 2274 726 felicitatem

1262 753 1325 774 non
1338 752 1400 774 esse
1414 743 1546 773 fortunae
1558 743 1685 772 donum.

1268 845 1306 876 In
1330 842 1432 875 rectis
1447 851 1524 884 ergo
1551 841 1737 874 actionibus
1769 840 1936 874 felicitatis
1967 843 2087 874 natura
2112 840 2273 873 consistit.

1227 895 1292 929 Sed
1308 897 1420 928 tamen
1441 893 1586 927 externis
1598 902 1732 936 quoque
1750 893 1845 926 bonis
1864 903 1957 935 egere
1972 893 2115 931 videtur,
2131 895 2170 925 ut
2187 891 2277 926 dixi-

1225 958 1314 982 mus.
1346 948 1431 981 Fieri
1465 948 1551 982 enim
1583 958 1649 980 non
1670 949 1797 990 potest,
1830 949 1889 978 aut
1908 949 1997 979 certe
2027 946 2214 984 difficulter,
2239 947 2278 978 ut

1227 1002 1302 1044 quis
1324 1002 1500 1044 praeclaras
1530 1011 1582 1035 res
1609 1004 1823 1034 externorum
1856 999 1980 1032 auxilio
2009 1001 2144 1032 orbatus
2174 1001 2276 1041 gerat.

1227 1055 1333 1088 Multa
1363 1055 1450 1087 enim
1482 1053 1782 1096 pulcherrimorum
1812 1051 1996 1084 facinorum
2024 1051 2170 1084 externis
2188 1051 2280 1092 adJu-

1227 1109 1365 1148 mentis,
1387 1111 1546 1151 tanquam
1572 1107 1802 1141 instrumentis
1831 1106 2054 1148 quibusdam,
2086 1108 2144 1138 aut
2162 1106 2282 1138 amico-

1227 1171 1303 1195 rum
1320 1170 1429 1203 opera,
1451 1163 1510 1193 aut
1529 1160 1675 1195 divitiis,
1702 1161 1762 1192 aut
1788 1158 1921 1201 publico
1946 1158 2090 1200 denique
2115 1167 2253 1190 munere
2266 1183 2274 1196 ‚

1227 1214 1366 1256 imperio
1385 1216 1419 1246 et
1435 1213 1582 1255 potentia
1605 1213 1698 1246 flunt.
1724 1212 1816 1245 Unde
1834 1214 1867 1244 et
1893 1211 1953 1253 qui
1975 1211 2141 1243 nonnullis
2160 1211 2281 1244 horum

1229 1270 1352 1307 carent,
1371 1267 1580 1300 invenustam
1608 1266 1775 1309 quandam
1795 1264 1988 1298 felicitatem
2007 1264 2166 1297 efficiunt.
2190 1265 2236 1296 Ut
2255 1263 2283 1296 si

1230 1322 1306 1364 quis
1324 1321 1453 1362 generis
1469 1320 1640 1353 nobilitate
1654 1319 1708 1352 vel
1729 1327 1886 1361 prospera
1900 1318 2080 1351 liberorum
2099 1317 2211 1350 sobole
2225 1316 2280 1350 vel

1228 1373 1476 1417 pulchritudine
1495 1374 1616 1405 careat.
1632 1373 1746 1414 Neque
1769 1371 1857 1403 enim
1875 1370 2055 1403 admodum
2077 1370 2217 1403 idoneus
2239 1369 2281 1402 ad

1229 1426 1423 1460 felicitatem
1437 1425 1582 1463 videtur,
1603 1424 1663 1467 qui
1677 1423 1848 1466 insigniter
1866 1422 2027 1456 deformis
2040 1425 2099 1455 aut
2115 1422 2283 1456 obscuris-

1230 1480 1314 1514 simo
1336 1479 1410 1512 loco
1433 1480 1534 1511 natus
1549 1480 1608 1511 aut
1631 1477 1805 1510 solitarius
1822 1478 1855 1509 et
1868 1477 1970 1509 orbus
1987 1478 2047 1515 est,
2067 1478 2126 1509 aut
2143 1476 2202 1518 qui
2218 1476 2284 1508 im-

1230 1532 1350 1574 probos
1370 1531 1492 1564 liberos
1513 1530 1566 1563 vel
1584 1530 1684 1563 hahet
1703 1529 1758 1562 vel
1773 1530 1894 1571 probos
1909 1528 2031 1561 amisit.
2054 1528 2216 1566 Quocirca
2231 1530 2286 1560 ta-

1231 1584 1296 1618 lem
1318 1591 1452 1626 quoque
1466 1583 1719 1625 prosperitatem
1731 1608 1740 1622 ‚
1757 1583 1795 1614 ut
1810 1581 1957 1614 diximus
1967 1607 1974 1620 ,
1991 1581 2061 1614 vita
2079 1581 2176 1614 beata
2193 1580 2282 1614 desi-

1230 1638 1347 1670 derare
1364 1636 1510 1669 videtur.
1527 1638 1600 1674 Quo
1621 1634 1747 1668 factum
1772 1637 1838 1674 est,
1860 1636 1899 1667 ut
1920 1635 2007 1667 hano
2032 1635 2136 1676 ipsam
2160 1634 2202 1667 de
2217 1643 2285 1677 qua

1230 1691 1359 1733 agimus
1376 1689 1569 1723 felicitatem
1590 1689 1728 1732 quidam
1746 1689 1863 1722 eodem
1886 1697 2024 1720 numero
2043 1691 2076 1720 et
2092 1688 2164 1720 loco
2177 1690 2279 1730 atque

1231 1742 1411 1776 secundam
1429 1741 1597 1774 fortunam
1614 1745 1648 1774 et
1662 1743 1799 1774 externa
1824 1741 1910 1773 bona
1928 1741 2088 1773 haberent
2100 1766 2107 1779 ,
2132 1740 2281 1773 nonnulli

1231 1799 1344 1830 autem
1356 1795 1518 1828 virtutem
1535 1795 1764 1828 existimarent
1775 1820 1782 1833 ,
1799 1795 1974 1836 propterea
1987 1793 2077 1835 quod
2092 1793 2191 1825 homo
2207 1802 2285 1826 vere

1230 1851 1349 1884 heatus
1365 1851 1508 1890 utraque
1525 1858 1561 1881 re
1581 1850 1701 1890 egeret.
1724 1847 1948 1886 Quamobrem
1967 1847 2152 1885 dubitatur,
2169 1850 2284 1881 utrum

1231 1902 1314 1935 disci
1326 1901 1431 1944 possit
1447 1927 1454 1939 ,
1471 1910 1512 1933 an
1529 1904 1619 1933 certa
1632 1900 1778 1942 quadam
1797 1899 1980 1941 disciplinae
2005 1898 2132 1931 ratione
2154 1907 2284 1940 compa-

1230 1956 1317 1995 rari,
1342 1965 1384 1987 an
1403 1955 1472 1987 sola
1497 1955 1635 1987 honeste
1656 1953 1772 1996 agendi
1791 1952 2030 1985 consuetudine
2051 1952 2103 1985 vel
2120 1952 2185 1984 alia
2198 1961 2284 1994 qua-

1232 2010 1309 2042 dam
1323 2008 1557 2042 exercitatione
1570 2007 1698 2049 acquiri
1724 2006 1884 2045 felicitas,
1910 2006 1963 2039 vel
1987 2006 2098 2048 potius
2121 2006 2283 2039 divinitus

1233 2066 1290 2095 aut
1307 2062 1451 2095 fortunae
1476 2061 1633 2094 beneficio
1659 2060 1850 2093 hominibus
1875 2060 2054 2101 contingat.
2084 2062 2128 2091 Ae
2147 2059 2283 2092 videtur

1233 2117 1321 2148 certe
1333 2142 1340 2154 ,
1357 2115 1384 2147 si
1400 2114 1490 2157 quod
1504 2113 1595 2146 aliud
1612 2123 1630 2146 a
1647 2113 1709 2146 deo
1724 2113 1914 2146 hominibus
1938 2113 2056 2145 datum
2082 2115 2131 2145 est
2148 2121 2280 2150 munus,

1232 2169 1295 2201 hoc
1311 2177 1444 2210 quoque
1459 2168 1534 2209 jure
1547 2167 1588 2199 iis
1604 2176 1676 2199 esse
1703 2167 1852 2199 allatum.
1880 2167 1966 2204 Quin
1987 2167 2088 2199 etiam
2103 2169 2195 2199 tanto
2211 2176 2284 2198 ma-

1233 2222 1302 2264 gis,
1317 2230 1419 2263 quam
1439 2220 1578 2262 reliqua,
1601 2220 1739 2252 deorum
1759 2221 1884 2252 donum
1902 2220 2046 2252 felicitas
2061 2222 2131 2259 est,
2152 2222 2280 2262 quanto

1233 2274 1371 2316 reliquis
1394 2273 1569 2310 omnibus,
1599 2282 1675 2314 quae
1693 2272 1885 2314 contingunt
1905 2272 2113 2311 hominihus,
2135 2274 2282 2314 praestat.

1234 2328 1399 2359 Caetcrum
1416 2324 1458 2357 de
1470 2324 1523 2357 his
1538 2333 1700 2366 exponere
1711 2334 1776 2357 non
1792 2326 1842 2357 est
1864 2325 1965 2366 hujus
1981 2324 2045 2357 loci
2057 2351 2064 2363 ,
2083 2324 2142 2357 sed
2160 2324 2206 2357 ibi
2224 2334 2285 2367 po-

1234 2386 1302 2418 tius
1327 2384 1514 2418 faciendum
1531 2383 1613 2423 erit,
1635 2383 1693 2416 ubi
1720 2383 1762 2416 de
1785 2383 1993 2426 providentia
2017 2383 2244 2426 disputabitur
2271 2394 2280 2414 ε

1234 2439 1329 2472 nobis
1356 2440 1469 2471 autem
1495 2437 1649 2480 praesenti
1677 2437 1835 2470 tractatui
1862 2437 2094 2470 convenienter
2122 2438 2285 2480 agendum

1235 2493 1297 2525 est.
1320 2492 1464 2533 Apparet
1480 2489 1592 2532 igitur,
1613 2489 1745 2522 etiamsi
1769 2499 1834 2522 non
1850 2489 1894 2522 sit
1919 2499 1939 2523 a
1957 2489 2022 2522 diis
2041 2489 2119 2522 data
2132 2489 2285 2529 felicitas,

1235 2543 1294 2576 sed
1311 2545 1369 2575 aut
1386 2543 1513 2575 virtute
1539 2544 1598 2574 aut
1614 2542 1679 2574 alia
1701 2541 1858 2584 quapiam
1874 2541 2110 2575 exercitatione
2124 2541 2289 2583 pariatur-

1237 2595 1397 2628 tamenin
1417 2595 1517 2627 rebus
1541 2594 1684 2626 maxime
1704 2593 1826 2626 divinis
1848 2602 1921 2626 esse
1943 2594 2194 2627 numerandam.
2212 2595 2286 2626 Vir-

1235 2648 1319 2681 tutis
1338 2647 1424 2680 enim
1438 2647 1612 2689 praemium
1631 2649 1664 2679 et
1677 2646 1767 2685 finis,
1787 2655 1864 2689 quae
1885 2647 1957 2689 ipsa
1974 2649 2113 2689 putatur
2129 2656 2200 2680 esse
2212 2646 2287 2680 seli-

1235 2702 1333 2739 citas,
1357 2700 1519 2742 optimum
1532 2699 1612 2741 quid
1627 2701 1660 2732 et
1684 2698 1836 2732 divinum
1853 2699 1988 2732 videtur
2002 2708 2039 2732 :nc
2052 2699 2188 2732 beatum
2202 2709 2283 2733 esse.

1235 2756 1333 2787 Patet
1361 2761 1439 2785 vero
1462 2752 1529 2785 tale
1555 2751 1638 2794 quid
1663 2751 1817 2785 omnibus
1841 2761 1912 2785 esse
1936 2761 2120 2785 commuue.
2144 2755 2288 2786 Possunt

1238 2806 1364 2839 scilicet
1383 2814 1516 2843 omnes,
1544 2804 1667 2846 quibus
1694 2804 1823 2847 integra
1849 2813 1943 2838 mens
1967 2814 2076 2847 neque
2098 2805 2223 2838 durum
2244 2805 2287 2838 ad

1238 2857 1494 2900 comparandam
1515 2857 1676 2890 virtutem
1697 2857 1863 2900 ingenium
1887 2860 1958 2897 est,
1990 2858 2045 2891 vel
2063 2858 2213 2891 doctrina
2234 2857 2287 2891 vel

1237 2911 1349 2945 studio
1365 2910 1471 2952 ipsam
1494 2919 1627 2952 quoque
1650 2911 1806 2954 consequi
1831 2910 2035 2944 felicitatem.
2059 2913 2101 2944 At
2121 2911 2287 2954 probabile

1239 2968 1308 3003 est,
1334 2964 1376 2997 ab
1389 2963 1624 2998 exercitatione
1647 2965 1807 3006 majorem
1832 2964 2128 3008 perfectioremque
2153 2964 2288 2999 felicita-

1238 3020 1326 3055 tem,
1355 3025 1458 3059 quam
1485 3025 1505 3048 a
1527 3014 1660 3049 fortuna
1686 3016 1861 3059 proticisci.
1887 3017 2046 3050 Similiter
2078 3019 2112 3050 et
2139 3027 2177 3050 ea
2211 3026 2287 3060 quae

1238 3070 1393 3103 omnibus
1409 3069 1483 3103 aliis
1499 3069 1608 3103 causis
1620 3096 1627 3109 ,
1651 3070 1721 3103 sive
1740 3079 1779 3102 ex
1808 3070 1948 3102 artificio
1970 3070 2088 3102 tractis
2107 3070 2178 3103 sive
2196 3074 2288 3102 natu-

1239 3122 1387 3160 ralibus.
1426 3121 1642 3164 perficiuntur
1692 3122 1831 3155 meliora
1876 3124 1955 3155 sunt
1981 3122 2082 3155 rebus
2102 3121 2250 3155 fortuitis
2280 3133 2287 3151 ε

1239 3174 1469 3217 maximeque,
1498 3183 1575 3217 quae
1605 3174 1728 3217 optima
1755 3184 1868 3213 causa,
1900 3173 1935 3207 id
1956 3177 2006 3207 est
2028 3174 2155 3207 virtute
2170 3201 2178 3209 .
2201 3173 2287 3207 eftici

1240 3228 1357 3262 solent.
1386 3229 1552 3260 Praeterea
1576 3228 1761 3261 maximum
1791 3228 2119 3270 pulcherrimumque
2145 3228 2278 3264 bonum.

1247 3280 1442 3313 felicitatem
1473 3279 1565 3320 dico,
1604 3279 1747 3314 fortunae
1777 3280 1913 3313 arbitrio
1947 3280 2160 3323 permittere,
2193 3279 2288 3312 nimis

175 3415 205 3437 ⁴⁸
211 3414 369 3448 Μνεῗα*
383 3417 411 3448 δ
420 3417 506 3458 ὅμως
516 3419 648 3450 καὶτῶν
666 3417 758 3455 ἐκτὸς
772 3418 842 3449 κτλ
862 3417 955 3440 -⁴‘*
972 3417 1051 3458 Gap
1068 3422 1099 3450 9
1117 3416 1214 3450 Ὅθεν
1229 3418 1285 3450 καὶ
1301 3418 1475 3461 ἀπορεῖται
1490 3420 1560 3451 κτλ.
1577 3435 1618 3442 -—
1632 3419 1693 3439 *Η
1711 3419 1870 3451 Φαίνεται
1890 3418 1923 3450 δὲ
1939 3418 2000 3450 κᾶν
2021 3417 2089 3449 κτλ
2104 3434 2144 3438 —-
2156 3416 2237 3434 ”’
2251 3416 2289 3448 Εἰ

136 3460 165 3495 δ’
183 3463 269 3496 ἐστὶν
288 3463 373 3495 οὕτω
392 3465 516 3505 βέλτιον
529 3467 599 3497 κτλ.

261 3524 384 3549 Paltos.
409 3525 514 3550 cnm.
538 3526 585 3551 m.

2122 3521 2161 3551 21
