2528 3788
289 232 339 270 94

1242 227 1496 268 SPEUSIPPI

288 320 392 364 λητοῦ
407 315 428 363 ἢ
443 317 575 370 ψάλτου
589 315 750 353 δάκτυλοι
765 313 925 366 τεχνικὴν
944 313 1005 365 μὲν
1023 309 1117 366 εἶχον
1133 314 1318 367 ἐνέργειαν,
1347 329 1351 335 ·
1386 316 1580 369 ὑπάρχουσι
1601 321 1670 360 τοῖς
1695 316 1809 360 αὐτοῖς
1840 318 1888 368 τῷ
1910 316 2009 364 εἴδει,
2036 318 2113 356 ἀλλ’
2136 319 2174 356 οὐ
2194 320 2273 357 κατ’
2301 320 2420 362 οὐσίαν

287 376 348 415 οὐκ
364 376 397 414 ἐν
412 375 523 418 αὐτοῖς
542 373 578 412 δὲ
597 374 863 425 προηγουμένως
881 373 1141 424 τελειουμένην,
1159 375 1263 412 owen
1283 376 1322 415 ἐκ

285 436 347 480 τῆς
363 433 445 484 πρὸς
456 431 512 470 τὸν
524 431 688 482 λογισμὸν
700 430 946 478 συνασκήσεως
963 430 1253 484 ἀπαρτιζομένην,
1263 431 1321 470 καὶ

285 493 330 536 ὡς
345 494 366 538 ἡ
386 494 444 529 τοῦ
465 493 630 541 μουσικοῦ
642 488 799 536 αἴσθησις
813 489 985 541 ι’νέργειαν
1003 490 1021 513 ¹³
1040 487 1103 540 μὲν
1117 483 1208 542 εἶχεν
1225 492 1318 528 ἀντι-

284 548 454 597 ληπτικὴν
472 551 531 587 τοῦ
543 563 580 587 τε
596 548 820 600 ἡρμοσμένου
831 547 891 587 καὶ
910 551 969 586 τοῦ
985 546 1220 600 ἀναρμόστου,
1241 548 1321 587 ταύ-

284 624 347 655 την
367 607 403 646 δὲ
417 602 480 646 οὐκ
494 608 649 660 αὐτοφυῆ
661 636 672 658 ,
692 606 768 646 ἀλλ’
784 607 824 645 ἐκ
842 608 1010 658 λογισμοῦ
1033 612 1294 659 περιγεγονυῖαν
1308 636 1318 655 ,

283 666 372 705 οὕτω
388 666 448 705 καὶ
467 669 489 713 ἡ
514 664 766 716 ἐπιστημονικὴ
798 666 957 712 αἴσθησις
978 667 1128 719 φυσικῶς
1147 665 1244 717 παρὰ
1262 668 1320 704 τοῦ

282 725 386 776 λόγου
411 728 472 773 τῆς
492 726 764 775 ἐπιστημονικῆς
791 723 1057 775 μεταλαμὸάνει
1087 723 1210 777 τριὸῆς
1238 723 1322 776 πρὸς

284 786 424 831 ἀπλανῆ
444 786 511 823 τῶν
530 782 768 834 ὑποκειμένων
786 782 986 834 διάγνωσιν.

338 843 494 894 (Sextus
512 842 732 894 Empiricus
753 841 842 882 adv.
875 841 993 879 Math.
1020 840 1116 890 vll,
1148 840 1320 887 145-146

280 915 370 953 pag.
395 908 468 947 40²
489 901 549 942 ed.
581 901 733 940 Fabric.
769 900 882 952 [pag.
911 901 986 938 223
1014 899 1085 951 B.]
1110 899 1322 951 Opponun-

283 970 344 998 tur
371 961 476 998 bona
503 960 707 1008 naturalia,
741 959 848 998 velut
867 959 986 1007 ratio,
1002 958 1052 997 iis
1073 971 1156 1009 quae
1173 959 1321 996 exerci-

283 1020 426 1057 tatione
462 1027 748 1070 comparantur.
788 1017 979 1056 Similiter
1009 1017 1120 1055 Plato
1144 1016 1192 1055 de
1224 1016 1317 1068 Rep.

282 1078 352 1115 Vll
373 1091 413 1129 p.
436 1078 512 1116 518
532 1078 574 1117 B.
596 1091 705 1128 seqq.
729 1079 765 1116 αἱ
785 1075 847 1126 μὲν
864 1075 976 1114 τοίνυν
992 1075 1095 1114 ἄλλαι
1117 1075 1237 1126 ἀρεταὶ
1256 1090 1320 1113 κα-

282 1138 448 1188 λούμεναι
467 1139 580 1190 ψυχῆς
607 1135 860 1175 κινδυνεύουσιν
890 1134 989 1186 ἐγγύς
1009 1149 1042 1172 τι
1060 1126 1148 1172 εἶναι
1173 1135 1241 1171 τῶν
1260 1135 1321 1171 τοῦ

282 1195 454 1245 σώματος·
475 1197 525 1248 τῷ
552 1194 625 1233 ὅντι
645 1193 712 1246 γὰρ
732 1196 793 1233 οὐκ
821 1196 960 1232 ἐνοῦσαι
985 1191 1151 1245 πρότερον
1176 1190 1318 1243 ὕστερον

281 1254 499 1304 ἐμποιεῖσθαι
513 1252 605 1291 ἔθεσί
618 1268 656 1290 τε
671 1252 731 1291 καὶ
745 1252 948 1299 ἀσκήσεσιν·
967 1253 989 1297 ἡ
1012 1249 1048 1288 δὲ
1068 1252 1129 1288 τοῦ
1150 1251 1321 1301 φρονῆσαι

281 1311 408 1354 παντὸς
420 1312 551 1359 μᾶλλον
563 1309 731 1361 θειοτέρου
744 1309 833 1354 τινὸς
843 1308 1022 1360 τυγχάνει,
1032 1309 1076 1351 ὡς
1086 1306 1208 1356 ἔοικεν,
1220 1300 1320 1357 οῧσα,

282 1368 375 1416 ὃτὴν
388 1368 448 1420 μὲν
461 1369 606 1420 δύναμιν
624 1368 787 1407 οὐδέποτε
806 1368 996 1406 ἀπόλλυσιν
1009 1395 1020 1415 ,
1038 1365 1106 1404 ὑπὸ
1126 1365 1161 1403 δὲ
1178 1367 1240 1411 τῆς
1257 1380 1321 1404 πε-

283 1429 454 1478 ριαγωγῆς
470 1426 645 1479 χρήσιμόν
660 1442 696 1465 τε
713 1426 772 1465 καὶ
786 1426 959 1479 ὠφέλιμον
981 1423 1040 1463 καὶ
1068 1424 1245 1476 ἄχρηστον
1275 1417 1319 1461 αὐ

281 1484 340 1522 καὶ
365 1484 537 1537 βλαὸερὸν
553 1485 719 1535 γίγνεται.
741 1484 816 1522 Sed
838 1483 1078 1535 Speusippus
1099 1482 1220 1519 multo
1236 1483 1323 1533 plus

281 1543 460 1582 sensibus
477 1557 591 1595 quam
618 1543 799 1592 magister
820 1542 977 1580 videtur
1008 1540 1207 1579 tribuisse.
1240 1539 1324 1577 Cae-

281 1610 404 1639 terum
432 1602 474 1640 in
491 1602 596 1640 Sexti
616 1601 748 1640 verbis
767 1602 882 1652 posui
908 1615 916 1638 z
936 1606 951 1623 ³
973 1598 1048 1638 ἀλλ’
1073 1600 1111 1638 ἐκ
1127 1599 1213 1650 τῆς]
1236 1612 1322 1637 cum

282 1661 447 1699 Ilerveto
478 1660 695 1708 Gentian03
735 1659 848 1699 codd.
879 1658 971 1697 ἀλλὰ
1007 1660 1081 1705 τῆς.
1102 1679 1156 1687 -
1181 1658 1198 1680 ¹³
1227 1656 1320 1709 ἐνέρ-

279 1719 401 1770 γειαν]
424 1733 510 1757 cum
526 1720 721 1766 Bekkero;
741 1718 856 1757 codd.
875 1717 1071 1769 ἐνάργειαν.
1086 1737 1139 1746 ·-

326 1790 404 1818 20⁴.
438 1777 664 1820 Σπεύσιππος
682 1775 717 1815 δὲ
739 1777 776 1816 οὐ
799 1777 914 1819 καλῶς
940 1775 1032 1827 λέγει
1052 1773 1194 1828 φάσκων
1216 1775 1322 1824 ἀναγ-

281 1838 378 1874 καῖον
406 1829 493 1874 εἶναι
503 1866 513 1886 ,
549 1837 605 1875 τὸν
628 1836 824 1887 ὁριζόμενον
852 1835 967 1873 πάντα
1004 1834 1142 1872 εἰδέναι·
1178 1833 1228 1871 δεῖ
1259 1831 1320 1883 μὲν

281 1896 366 1947 γάρ,
382 1895 488 1947 φησί,
510 1895 690 1947 γινώσκειν
717 1894 778 1938 τὰς
804 1893 971 1947 διαφορὰς
992 1894 1100 1931 αὐτοῦ
1128 1891 1242 1935 πάσας
1271 1883 1326 1935 αἷς

283 1956 349 1991 τῶν
372 1954 485 1992 ἄλλων
507 1954 711 2006 διενήνοχεν·
734 1952 900 1992 ἀδύνατον
922 1950 958 1990 δὲ
987 1950 1114 1989 εἰδέναι
1130 1950 1190 1993 τὰς
1208 1951 1326 2001 διαφο-

285 2011 347 2065 ρὰς
364 2012 425 2056 τὰς
444 2013 527 2064 πρὸς
549 2011 693 2052 ἕκαστον
712 2042 722 2063 ,
743 2011 791 2062 μὴ
808 2011 941 2055 εἰδότας
961 2009 1046 2048 αὐτὸ
1063 2008 1226 2050 ἕκαστον.

339 2072 597 2125 (Themistius
628 2073 669 2110 in
699 2072 858 2111 Aristot.
898 2070 1007 2109 Anat.
1050 2077 1152 2120 post.
1184 2068 1256 2108 lib.
1286 2068 1322 2105 ΙΙ

284 2145 365 2182 cap.
401 2132 446 2169 13
468 2131 531 2169 sol.
567 2132 628 2170 13.
667 2131 848 2169 Pertinet·
869 2129 944 2168 hoc
978 2127 1156 2166 scholion
1185 2126 1233 2163 ad
1258 2126 1326 2163 illa

220 2206 223 2209 ¹
285 2189 503 2229 Aristotelis
522 2191 642 2227 verba
660 2202 749 2241 pag.
773 2202 839 2239 97.
862 2187 909 2227 Α.
931 2189 954 2225 6
971 2187 1030 2224 ed.
1047 2186 1205 2225 Bekker.
1229 2182 1325 2222 οὐδὲν

284 2251 318 2287 δὲ
340 2250 390 2287 δεῖ
409 2248 465 2288 τὸν
487 2247 686 2302 ὁριζόμενον
715 2246 776 2286 καὶ
796 2244 1035 2298 διαιρούμενον
1068 2242 1210 2282 ἅπαντα
1236 2241 1326 2280 εἶδέ-

285 2324 338 2346 ναι
371 2307 414 2346 τὰ
447 2309 542 2346 ὄντα.
571 2305 698 2345 Καίτοι
728 2303 896 2344 ἀδύνατόν
925 2303 1011 2357 φασί
1037 2318 1125 2346 τινες
1146 2295 1236 2340 εἶναι
1265 2300 1326 2344 τὰς

285 2366 448 2419 διαφορὰς
464 2365 589 2404 εἰδέναι
608 2365 669 2409 τὰς
686 2364 771 2417 πρὸς
788 2363 933 2403 ἕκαστον
956 2362 1005 2414 μὴ
1027 2360 1142 2400 εἰδότα
1165 2360 1324 2399 ἕκαστον·

286 2425 367 2463 ἄνευ
382 2424 417 2463 δὲ
436 2426 504 2462 τῶν
516 2425 685 2475 διαφορῶν
705 2423 767 2461 οὐκ
782 2416 870 2460 εἶναι
888 2421 1033 2460 ἕκαστον
1046 2418 1183 2459 εἰδέναι·
1204 2412 1242 2457 οὗ
1259 2417 1324 2470 γὰρ

292 2482 340 2531 μὴ
375 2481 552 2535 διαφέρει,
574 2480 696 2519 ταύτὸν
728 2474 818 2518 εἶναι
844 2480 976 2531 τούτῳ,
1014 2472 1052 2517 οὗ
1091 2476 1128 2515 δὲ
1151 2476 1321 2528 διαφέρει,

287 2541 402 2595 ἕτερον
423 2540 558 2580 τούτου.
582 2542 727 2592 Πρῶτον
751 2539 812 2591 μὲν
841 2533 899 2578 οὐν
920 2543 1021 2578 τοῦτο
1048 2539 1185 2591 ψεῦδος·
1202 2536 1240 2575 οὐ
1261 2533 1327 2586 γὰρ

289 2602 379 2639 κατὰ
411 2606 528 2638 πᾶσαν
562 2597 727 2651 διαφορὰν
757 2598 884 2649 ἕτερον’
914 2596 1040 2636 πολλαὶ
1068 2596 1135 2647 γὰρ
1167 2592 1328 2646 διαφοραὶ

1385 373 1460 414 οὐδὲ
1479 374 1557 413 καθ’
1578 373 1680 414 αὑτά.
1701 369 1791 414 Εἶτα
1809 373 1890 412 ὅταν
1909 373 2002 426 λάθῃ
2021 376 2262 428 τάντικείμενα
2279 377 2341 416 καὶ
2355 377 2419 426 τὴν

1383 433 1548 487 διαφορὰν
1575 433 1633 471 καὶ
1653 432 1706 472 ὅτι
1733 438 1802 472 πᾶν
1823 432 1989 483 ἐμπίπτει
2018 433 2164 473 ἐνταῦθα
2191 434 2215 482 ἢ
2246 437 2415 490 ἐνταῦθα,

1383 490 1443 530 καὶ
1464 492 1556 545 λάὸῃ
1578 493 1617 531 ἓν
1631 490 1763 545 θατέρῳ
1787 491 1827 530 τὸ
1853 491 2060 543 ζητούμενον
2092 486 2206 542 εἶναι,
2225 494 2285 533 καὶ
2316 499 2414 535 τοῦτο

1382 549 1534 603 γινώσκῃ
1546 580 1556 599 ,
1578 548 1673 590 οὐδὲν
1691 548 1846 604 διαφέρει
1865 550 1991 590 εἰδέναι
2010 549 2033 597 ἢ
2054 549 2102 599 μὴ
2123 549 2248 590 εἰδέναι
2262 552 2314 605 ἐφ’
2327 551 2416 592 ὅσων

1386 611 1658 662 κατηγοροῦνται
1684 607 1798 648 ἄλλων
1823 610 1859 647 αἱ
1887 607 2064 661 διαφοραί.
2097 607 2258 662 Φανερὸν
2276 608 2344 662 γὰρ
2366 608 2420 650 ὅτι

1382 665 1422 705 ἂν
1442 665 1531 705 οὕτω
1547 665 1694 719 βαδίζων
1713 665 1795 718 ἔλθῃ
1818 667 1864 711 εἷς
1882 669 1994 705 ταῦτα
2006 696 2017 715 ,
2039 660 2086 704 ι’ἷιν
2103 667 2228 717 μηκέτι
2246 666 2320 707 ἐστὶ
2339 667 2415 707 δια-

1381 723 1490 778 φορά,
1518 722 1585 769 ἕξει
1612 723 1669 762 τὸν
1700 723 1801 775 λόγον
1830 727 1893 771 τῆς
1921 724 2051 768 οὐσίας.
2075 724 2127 764 Τὸ
2146 725 2176 763 δ’
2200 724 2294 765 ἅπαν
2314 726 2421 779 ἐμπί-

1381 798 1479 822 πτειν
1497 783 1544 828 εἷς
1562 781 1624 830 τὴν
1649 782 1838 836 διαίρεσιν,
1859 781 1901 822 ἂν
1921 777 1943 836 ᾗ
1961 783 2183 835 ἀντικείμενα
2204 777 2253 823 ὧν
2274 783 2325 835 μή
2343 786 2419 825 ἔστι

1383 840 1511 892 μεταξύ
1522 870 1533 889 ,
1551 842 1613 880 οὐκ
1627 840 1776 892 αἴτημα·
1800 841 1935 893 ἀνάγκη
1953 842 2020 895 γὰρ
2038 840 2131 882 ἅπαν
2151 843 2186 881 ἐν
2204 841 2336 896 θατέρῳ
2356 845 2420 882 αὐ-

1380 900 1448 937 τῶν
1485 892 1595 947 εἶναι,
1634 898 1734 952 εἴπερ
1764 898 1894 939 ἐκείνου
1923 900 2071 953 διαφορὰ
2103 899 2219 941 ἔσται.
2249 902 2420 953 Apparet

1381 956 1582 996 Themistii
1593 958 1888 1010 explicationem
1900 959 2070 998 orationi
2084 960 2321 998 Aristoteleae
2328 972 2420 998 con-

1382 1027 1519 1064 gruere
1531 1044 1542 1064 ‚
1565 1016 1642 1054 nisi
1661 1016 1765 1067 quod
1785 1017 2021 1056 Themistius
2040 1017 2189 1056 addidit
2209 1016 2421 1070 Speusippi

1382 1087 1538 1125 nomen,
1553 1075 1657 1125 quod
1677 1074 1877 1125 Stagirites
1895 1076 2151 1127 praetermisit.
2166 1075 2181 1127 )

1435 1145 1502 1171 205.
1528 1132 1759 1172 Σπευσίππου
1781 1132 1912 1181 ταύτην
1936 1133 1999 1180 τὴν
2019 1134 2119 1180 δόξαν
2147 1133 2313 1186 Εὔδημος
2331 1127 2421 1174 εἶναι

1382 1190 1474 1242 λέγει
1495 1190 1558 1237 τὴν
1574 1190 1626 1229 ὅτι
1645 1189 1815 1230 ἀδύνατόν
1837 1193 1930 1230 ἐστιν
1949 1190 2135 1244 ὃρίσασθαί
2155 1207 2190 1231 τι
2216 1193 2285 1232 τῶν
2313 1191 2421 1232 ὄντων

1384 1248 1434 1300 μὴ
1460 1248 1575 1287 πάντα
1589 1248 1633 1287 τὰ
1649 1248 1732 1288 ὄντα
1753 1249 1880 1290 εἰδότα.
2309 1251 2319 1290 ⁸
2391 1257 2397 1264 '

1439 1308 1690 1358 (Anonymus
1726 1309 1768 1346 in
1801 1309 1964 1347 Aristot.
1996 1309 2109 1349 Anal.
2147 1317 2247 1360 post.
2284 1308 2355 1350 lib.
2387 1309 2424 1350 11

1384 1379 1472 1417 cap.
1502 1367 1547 1404 13
1571 1366 1639 1406 fol.
1669 1380 1739 1405 111
1763 1367 1794 1405 B
1813 1367 1916 1418 apud
1937 1367 2111 1406 Brandis.
2131 1367 2276 1406 scholi.
2302 1367 2422 1409 Arist.

1384 1437 1470 1476 pag.
1493 1425 1581 1468 248.
1604 1423 1674 1475 A.)
1753 1427 1755 1429 ’

1439 1496 1506 1521 206.
1534 1500 1549 1517 a
1567 1482 1680 1522 Οὐδὲν
1701 1482 1736 1521 δὲ
1757 1484 1809 1521 δεῖ
1835 1482 1893 1522 τὸν
1917 1484 2114 1535 ὁριζόμενον
2145 1482 2205 1522 καὶ
2224 1484 2295 1522 διαι
2345 1484 2425 1534 ’μι-
2495 1534 2497 1538 Ι

1384 1556 1455 1581 νον.
1480 1559 1497 1576 2·
1528 1543 1642 1580 Τοῦτο
1663 1541 1757 1593 λέγει
1790 1542 1942 1594 ἀναιρῶν
1965 1540 2043 1586 τοὺς
2071 1540 2191 1593 λόγους
2213 1539 2255 1580 δι’
2306 1556 2324 1579 ν
2343 1542 2424 1580 ἐπε-

1383 1600 1493 1653 χείρει
1509 1601 1528 1638 ὁ
1548 1599 1776 1644 Σπεύσιππος
1796 1601 1986 1653 ἅναιρῆσαι
2013 1599 2073 1639 καὶ
2095 1599 2159 1647 τὴν
2180 1598 2347 1652 διαίρεσιν
2363 1600 2424 1639 καὶ

1384 1658 1462 1703 τοὺς
1481 1658 1658 1711 ὁρισμούς.
1682 1658 1880 1711 Ἐπεχείρει
1908 1658 1976 1711 γὰρ
2005 1657 2095 1696 οὕτω
2115 1656 2280 1696 δεικνύειν
2298 1656 2360 1695 καὶ
2379 1659 2426 1702 ὡς

1385 1719 1448 1758 οὐκ
1466 1717 1558 1756 ἔστιν
1576 1718 1763 1757 ἀποδοῦναι
1780 1717 1924 1769 ὁρισμόν
1945 1720 2033 1756 τινος
2048 1746 2059 1767 ,
2079 1715 2191 1768 λέγων
2214 1717 2262 1760 ὡς
2282 1717 2301 1754 ὁ
2315 1715 2424 1755 θέλων

1385 1776 1426 1815 δι’
1444 1779 1590 1829 ὁρισμοῦ
1606 1778 1832 1830 παραστῆσαι
1847 1774 1910 1822 τὴν
1928 1776 2028 1829 φύσιν
2048 1777 2108 1814 τοῦ
2127 1773 2311 1828 ἀνθρώπου.
2326 1771 2350 1821 ἢ
2365 1776 2427 1813 τοῧ
2487 1767 2490 1769 Δ

1385 1835 1493 1874 ἵππου
1511 1834 1532 1881 ἢ
1554 1834 1662 1874 ἄλλου
1683 1834 1772 1878 τινὸς
1789 1834 1918 1886 ὀφείλει
1941 1833 2123 1885 γινώσκειν
2146 1832 2264 1872 πάντα
2280 1830 2325 1871 τὰ
2342 1830 2426 1870 ὄντα

1386 1892 1527 1937 καὶτὰς
1548 1892 1713 1946 διαφορὰς
1747 1893 1861 1930 αὐτῶν
1897 1890 1974 1931 καθ’
2000 1891 2040 1936 ἃς
2067 1890 2287 1944 διαφέρουσιν
2318 1889 2428 1937 ἀλλή-

1386 1954 1469 1990 λων·
1505 1952 1594 1990 οὕτω
1624 1950 1692 2003 γὰρ
1713 1951 1925 2003 παρίσταται
1950 1953 1973 1998 ἡ
1993 1949 2094 2003 φύσις
2111 1951 2174 1988 τοῦ
2203 1946 2386 2000 ἀνθρώπου
2405 1947 2428 1995 ἢ

1389 2012 1447 2047 τοῦ
1467 2007 1576 2046 ἵππου
1599 2008 1622 2055 ἢ
1648 2007 1756 2047 ἄλλου
1779 2008 1868 2052 τινός
1881 2037 1892 2056 ,
1914 2010 1947 2046 ἐν
1967 2010 2018 2059 τῷ
2037 2005 2248 2059 χωρίζεσθαι
2269 2007 2336 2043 τῶν
2356 2007 2425 2043 ἀλ-

1388 2068 1457 2105 λων
1474 2066 1631 2105 πάντων.

1445 2126 1519 2175 (ls.
1541 2124 1785 2174 Philoponus
1801 2122 1843 2160 in
1863 2123 2021 2160 Aristot.
2040 2121 2154 2160 Anal.
2171 2129 2273 2172 post.
2292 2119 2364 2160 lib.
2393 2120 2430 2158 11

1394 2197 1479 2235 cap.
1504 2184 1548 2221 13
1568 2182 1635 2220 fol.
1666 2196 1716 2232 92
1745 2182 1787 2221 B.
1812 2181 1915 2232 apud
1943 2180 2122 2219 Brundis.
2144 2176 2284 2218 Scholl.
2307 2178 2428 2220 Arist.

1390 2255 1477 2293 pag.
1509 2243 1586 2286 248
1611 2241 1657 2278 A.
1679 2240 1799 2278 Posui
1827 2248 1953 2277 autem
1973 2236 2145 2291 ἐπεχείρει
2164 2239 2182 2275 ὁ
2199 2235 2426 2280 Σπεύσιππος

1391 2300 1532 2351 rejecta
1564 2299 1740 2337 codicum
1769 2298 1962 2348 scriptura
1983 2294 2177 2348 μετεχείρει
2205 2297 2223 2332 ὃ
2243 2292 2427 2334 Σπεύσιπ-

1393 2360 1490 2409 πος.)

1443 2430 1510 2457 207.
1529 2415 1728 2466 “Ομώνυμα
1755 2415 1895 2465 λέγεται
1919 2408 1967 2451 ὧν
1994 2413 2103 2463 ὄνομα
2125 2411 2228 2462 μόνον
2254 2410 2388 2460 κοινόν,
2413 2412 2431 2448 ὁ

1390 2475 1426 2514 δὲ
1443 2474 1536 2514 κατὰ
1554 2474 1705 2525 τοῦνομα
1723 2473 1822 2524 λόγος
1839 2475 1901 2519 τῆς
1921 2471 2038 2515 οὐσίας
2057 2471 2197 2524 ἕτερος,
2211 2462 2281 2508 οἷον
2303 2469 2392 2522 ζῷον
2410 2467 2431 2506 ὅ

1390 2549 1428 2572 τε
1447 2533 1624 2585 ἄνθρωπος
1640 2531 1699 2570 καὶ
1718 2532 1758 2570 τὸ
1777 2530 2035 2583 γεγραμμένον.
2073 2527 2219 2568 Τούτων
2234 2526 2304 2580 γὰρ
2318 2526 2430 2578 ὄνομα

1390 2592 1493 2643 μόνον
1526 2590 1661 2637 κοινόν,
1684 2592 1702 2628 ὁ
1727 2588 1763 2627 δὲ
1793 2587 1886 2627 κατὰ
1919 2586 2074 2637 τοῦνομα
2095 2584 2196 2637 λόγος
2220 2587 2282 2632 τῆς
2309 2583 2427 2628 οὐσίας

291 2747 390 2780 etiam
419 2745 546 2778 subtilis
578 2745 769 2790 observatio!
795 2744 977 2777 secundum
1010 2745 1163 2784 naturam
1204 2741 1329 2774 ratione

292 2814 446 2847 magnum
460 2813 569 2837 rerum
581 2803 768 2846 incorrupte
785 2802 1037 2844 judicandarum
1049 2811 1146 2835 usum
1166 2799 1335 2842 consequi-

292 2866 359 2898 tur.
1249 2866 1252 2869 ’

336 2926 407 2957 204.
424 2922 622 2965 Speusippus
647 2931 726 2958 vero
747 2921 864 2963 ineptit
892 2921 1061 2954 affirmans
1085 2930 1218 2953 necesse
1240 2928 1330 2961 esse,

295 2993 372 3017 eum
389 2983 446 3024 qui
459 2982 595 3016 definiat
610 2982 786 3023 quidpiam,
808 2981 918 3014 omnia
944 2981 1030 3014 seire
1057 2993 1066 3013 ε
1090 2982 1219 3023 oportet
1233 2980 1332 3019 enim,

294 3041 403 3084 inquit
415 3066 423 3082 ,
441 3050 538 3074 nosse
552 3040 741 3073 discrimina
767 3040 889 3079 omnia,
922 3039 1041 3080 quibus
1067 3040 1147 3072 illud
1167 3048 1187 3071 a
1207 3038 1336 3071 caeteris

298 3098 489 3143 separatur}
508 3101 542 3132 at
564 3099 635 3132 fieri
654 3108 717 3131 non
737 3099 864 3140 potest,
882 3099 920 3131 ut
931 3107 1043 3130 rerum
1058 3099 1143 3130 inter
1164 3106 1199 3130 se
1220 3096 1340 3130 disseri-¹

298 3158 387 3190 mins
405 3157 554 3189 norimus
567 3182 575 3197 ‚
598 3156 661 3189 nisi
680 3155 822 3197 singulas
849 3164 902 3188 res
928 3156 1113 3197 perspectas
1141 3157 1174 3187 et
1193 3154 1340 3197 cognitas

301 3212 487 3246 habeamus.

343 3275 414 3305 205.
433 3270 602 3313 Speusippi
627 3269 711 3302 hanc
739 3269 922 3311 opinionem
956 3268 1119 3301 Eudemus
1140 3276 1211 3300 esse
1237 3266 1337 3307 dicit,

304 3330 374 3363 fieri
394 3337 581 3372 nonposse,
610 3329 648 3361 ut
665 3328 766 3360 ullam
782 3336 850 3361 rem
865 3326 1061 3360 definiamus
1079 3326 1143 3359 nisi
1158 3334 1270 3358 omnes
1286 3334 1339 3359 res

305 3387 576 3431 perspexerimus.

1391 2740 1454 2771 aut
1472 2736 1611 2771 dividat
1632 2735 1839 2777 quidpiam,
1858 2733 1954 2766 simul
1975 2732 2083 2765 omnia
2101 2739 2176 2773 quae
2201 2731 2280 2763 sunt
2296 2738 2402 2764 nosse.
2414 2741 2432 2760 n

1392 2798 1463 2829 Hoc
1478 2795 1558 2828 dicit
1579 2794 1749 2827 confutans
1780 2792 1970 2833 argumenta
1996 2790 2117 2832 quibus
2135 2788 2301 2823 nitebatur
2321 2789 2429 2831 Speu-
2490 2828 2493 2830 q

1393 2854 1506 2897 sippus
1522 2851 1714 2886 divisionem
1737 2852 1771 2885 et
1789 2849 1993 2884 definitiones
2014 2848 2176 2882 refellere.
2242 2845 2432 2883 oonabatur

1393 2916 1480 2949 enim
1494 2915 1542 2948 ita
1559 2913 1677 2949 demon
1685 2913 1807 2952 strare,
1824 2919 1889 2944 non
1903 2910 2002 2943 licere
2020 2909 2119 2942 etiam
2140 2907 2236 2941 nobis
2249 2907 2352 2942 ullam
2363 2915 2434 2940 rem

1394 2974 1529 3008 definire
1539 2998 1547 3014 ,
1566 2972 1732 3005 affirmans
1748 2979 1824 3004 eum
1842 2969 1900 3011 qui
1919 2967 2108 3003 definitione
2124 2966 2269 3003 homnis
2280 2967 2339 3002 eut
2354 2964 2432 3008 equi

1395 3035 1454 3066 aut
1467 3032 1552 3065 alius
1563 3030 1610 3064 rei
1624 3031 1776 3070 naturam
1793 3027 1959 3062 declarare
1974 3027 2075 3062 vellet
2084 3051 2092 3067 ‚
2109 3034 2208 3061 nosse
2229 3024 2348 3061 dehere
2360 3025 2433 3057 tum

1397 3101 1450 3125 res
1465 3099 1579 3124 omnes
1594 3092 1666 3122 tum
1682 3096 1794 3121 earum
1817 3086 1904 3120 inter
1923 3094 1960 3119 se
1982 3084 2189 3124 discrimina
2206 3083 2254 3117 ita
2272 3081 2359 3117 enim
2373 3081 2433 3114 de-

1398 3151 1540 3184 claratur
1553 3149 1671 3182 natura
1682 3145 1822 3180 hominis
1838 3146 1897 3179 aut
1915 3143 1990 3185 equi
2003 3144 2061 3176 aut
2074 3142 2159 3178 alius
2174 3141 2223 3175 rei
2232 3166 2240 3182 ‚
2256 3140 2286 3174 si
2297 3149 2318 3173 a
2334 3141 2436 3175 eaete-

1399 3208 1448 3243 ris
1460 3207 1614 3241 omnibus
1628 3205 1829 3248 separenmr.

1441 3269 1513 3300 207.
1546 3267 1749 3306 Homonyma
1773 3262 1948 3303 dicuntur,
1965 3268 2106 3302 quorum
2120 3267 2238 3292 nomen
2252 3255 2359 3291 solum
2385 3256 2438 3291 est

1401 3336 1571 3361 commune
1581 3351 1590 3367 ‚
1610 3323 1804 3360 substantiae
1822 3322 1906 3356 ratio
1933 3323 2045 3355 autem
2071 3319 2141 3352 sive
2164 3316 2311 3351 definitio
2337 3315 2382 3352 ad
2395 3315 2434 3347 il-

1401 3385 1460 3418 lud
1477 3394 1596 3418 nomen
1614 3381 1858 3418 accommodata
1869 3379 2000 3414 diversa
2016 3380 2086 3419 θεὴ
2107 3373 2386 3420 quemadmodum
2401 3373 2437 3407 et

349 3449 420 3480 206.
459 3459 475 3476 οι
496 3445 612 3489 Neque
634 3454 715 3478 vero
744 3453 881 3477 necesse
900 3446 962 3485 esc,
995 3451 1075 3477 eum
1106 3443 1166 3486 qui
1187 3443 1338 3484 definiat
1406 3444 1522 3485 homo,
1546 3445 1580 3477 et
1597 3442 1687 3485 quod
1709 3441 1835 3484 pictum
1852 3441 1914 3481 est,
1933 3436 2047 3471 animal
2076 3435 2211 3469 dicitur.
2232 3431 2359 3476 Quippe
2374 3430 2434 3464 ho-
