2528 3788
266 265 343 304 250
932 257 1129 297 EUDEMI
1159 256 1336 296 Rnonu
1364 254 1719 295 PERIPATErlcr
2450 292 2462 303 „.
2527 289 2528 308 ἶ

1354 357 1397 391 17
1419 344 1479 384 ed.
1504 343 1666 381 Bekker.
1686 340 1912 392 Simplicius
1929 341 1992 380 f01.
2017 343 2104 391 178.
2117 342 2159 382 b.
2179 342 2376 393 Σιμωνίδης

265 350 428 401 γενομένη
449 346 612 393 διαστολὴ
631 345 721 397 γένει
742 343 801 383 καὶ
820 343 902 382 εἴδει
918 345 976 382 καὶ
995 345 1145 397 ἀριθμῷ.
1161 343 1211 384 Ἢ
1234 343 1287 382 ὅτι

266 412 302 448 οὗ
321 409 423 458 μόνον
445 406 488 446 τὰ
507 405 596 458 γένει
615 405 657 444 τὰ
683 402 773 442 αὐτὰ
794 401 924 450 πολλὴν
945 402 995 442 ἔτι
1019 402 1183 456 διαφορὰν
1204 405 1288 441 ἀπο-

264 467 392 513 λείπει,
434 465 522 504 ἀλλὰ
552 463 611 502 καὶ
642 463 686 501 τὰ
718 462 799 500 εἴδει
817 461 929 500 ταῦτὰ
963 461 1153 514 λεγόμενα,
1183 463 1212 500 εἷ
1241 463 1290 513 τῷ

265 525 398 576 ἀριθμῷ
407 521 557 575 διαφέρει
567 524 613 565 ὡς
621 520 772 561 Πλάτων
781 519 841 558 καὶ
852 519 1042 573 Σωκράτης
1049 519 1180 567 πολλὴν
1189 518 1289 572 ἔχου-

265 597 299 619 σι
312 580 582 630 συμὸεὸηκότων
597 578 778 631 διαφοράν,
798 580 835 616 αἱ
849 576 884 615 δὲ
898 577 1047 624 κινήσεις
1063 579 1097 615 αἱ
1119 577 1218 616 πάλιν
1232 579 1291 617 καὶ

263 640 367 679 πάλιν
382 642 427 683 ὡς
444 641 478 677 αἱ
496 639 599 678 αὗταί
609 667 620 685 ,
641 638 700 677 καὶ
716 636 760 676 τὰ
777 636 926 684 νῦν,καὶ
945 638 980 675 οἱ
994 635 1110 688 χρόνοι
1122 637 1244 689 σχεδόν
1257 653 1290 676 τι

264 699 321 737 καὶ
337 714 385 750 τῳ
402 700 537 751 ἀριθμῷ
553 700 584 737 οἳ
596 696 692 735 αὐτοί
708 697 803 734 εἰσιν.
817 694 921 734 Ούτω
936 694 971 733 δὲ
993 694 1052 733 καὶ
1066 695 1097 732 οἱ
1119 690 1289 743 Πυθαγό-

265 771 347 810 ρειοι
365 756 409 795 τὰ
424 758 511 796 αὐτά
528 773 601 801 πως
615 755 674 794 καὶ
691 758 743 808 τῶ
763 755 900 807 ἀριθμῶ
920 756 968 792 τῶ
984 753 1088 791 πάλιν
1109 751 1169 791 καὶ
1186 751 1290 790 πάλιν

265 816 380 868 ἔλεγον
392 815 554 865 γίνεσθαι.
567 813 678 854 Οὐδὲν
691 812 757 851 δὲ’
745 828 824 855 ισως
840 827 958 864 χειρον
976 827 1035 850 και
1049 827 1109 858 της
1124 808 1290 860 Εὗδήμου

265 874 428 927 ρήσεως’
413 890 452 912 εκ
468 879 528 930 τοῦ
545 874 657 926 τρίτου
679 875 746 910 τῶν
766 873 933 911 Φυσικῶν
956 870 999 908 τὰ
1029 873 1174 909 ἐνταῦθα
1193 866 1292 919 λεγό-

265 946 351 980 μενα
382 923 671 985 παραφραζούοης
697 928 845 968 ἀκούειν.
872 946 886 963 ιι
909 927 956 968 ‘0
990 926 1026 966 δὲ
1048 926 1149 970 αὐτὸς
1168 926 1293 979 χρόνος

264 989 405 1041 πότερον
431 990 563 1041 γίνεται
582 988 700 1041 ὥσπερ
733 986 815 1026 ἔνιοί
835 1003 938 1040 φασιν
965 985 1067 1033 ἢοῦ,
1086 984 1291 1037 ἀπορήσειεν

265 1048 306 1087 ἄν
327 1065 390 1094 τις.
415 1052 621 1102 Πλεοναχῶς
640 1048 682 1095 δὴ
715 1047 904 1099 λεγομένου
923 1062 981 1085 του
1007 1047 1133 1084 ταύτοῦ
1150 1061 1198 1083 τι)
1229 1045 1293 1096 μὲν

264 1107 344 1145 εἴδει
365 1108 522 1162 φαίνεται
535 1109 605 1157 γίνε
591 1110 688 1145 σθαι
708 1106 747 1144 τὸ
764 1104 862 1152 αὐτό,
879 1098 948 1143 οἷον
968 1103 1063 1156 θέρος
1080 1104 1138 1142 καὶ
1157 1102 1292 1156 χειμὼν

259 1165 322 1224 'nal
343 1167 378 1203 αἱ
396 1166 514 1204 λοιπαὶ
532 1165 620 1216 ὧραί
637 1180 673 1203 τε
689 1164 747 1203 καὶ
767 1163 943 1216 περίοδοι,
964 1162 1090 1214 ὁμοίως
1113 1162 1148 1200 δὲ
1170 1163 1205 1200 αἱ
1232 1177 1292 1200 κι-

259 1219 376 1269 νήσεις
401 1226 435 1262 αἱ
457 1224 556 1262 αὐταὶ
588 1223 739 1274 γίνονται
770 1224 818 1260 τῶ
852 1221 946 1260 εἴδει·
978 1221 1109 1272 τροπὰς
1141 1220 1208 1271 γὰρ
1231 1219 1291 1258 καὶ

266 1281 448 1334 ἰσημερίας
478 1281 537 1321 καὶ
557 1281 618 1325 τὰς
637 1279 763 1324 λοιπὰς
789 1279 929 1331 πορείας
956 1281 974 1317 ὁ
993 1278 1088 1326 ἥλιος
1117 1279 1290 1318 ἀποτελεῖ.

267 1341 310 1378 Εἰ
333 1339 369 1378 δέ
388 1356 439 1384 τις
470 1339 664 1378 πιστεύσειε
701 1344 770 1382 τοῖς
807 1336 1074 1389 Πυθαγορείοις,
1107 1338 1154 1379 ὡς
1188 1335 1292 1374 πάλιν

263 1397 375 1436 ταύτὰ
408 1400 568 1450 ἀριθμῳ,
592 1396 690 1448 κάγὼ
715 1395 941 1447 μυθολογήσω
968 1395 1007 1434 τὸ
1029 1394 1166 1448 ῥαὸδίον
1203 1394 1293 1446 ἔχων

264 1459 345 1505 ὑμῖν
379 1455 606 1504 καθημένοις,
631 1455 721 1493 ούτω
748 1453 870 1492 καὶτὰ
901 1453 991 1491 ἄλλα
1022 1451 1138 1490 πάντα
1167 1452 1293 1503 ὁμοίως

265 1514 348 1561 ἕξει,
373 1514 431 1552 καὶ
458 1514 514 1552 τὸν
534 1513 657 1566 χρόνον
684 1512 822 1563 εὔλογόν
856 1513 930 1551 ἐστι
960 1527 1019 1550 τον
1053 1510 1156 1549 αὐτον
1193 1504 1292 1550 εἶναι·

267 1578 347 1622 μιᾶς
365 1570 431 1624 γὰρ
455 1571 496 1618 δὴ
517 1572 577 1609 καὶ
603 1574 665 1617 τῆς
690 1571 792 1616 αὐτῆς
813 1568 1002 1616 κινήσεως,
1023 1567 1148 1618 ὁμοίως
1168 1567 1203 1606 δὲ
1234 1569 1293 1607 καὶ

265 1632 401 1669 πολλῶν
424 1633 491 1668 τῶν
527 1631 638 1668 αὐτῶν
669 1629 708 1667 τὸ
742 1627 910 1681 πρότερον
930 1625 989 1665 καὶ
1016 1626 1156 1678 ὕστερον
1177 1625 1212 1665 ἓν
1234 1627 1294 1666 καὶ

264 1688 399 1732 ταύτόν,
421 1687 480 1726 καὶ
500 1689 518 1725 ὃ
536 1686 665 1724 τούτων
685 1685 727 1733 δὴ
748 1684 903 1738 ἀριθμός.
926 1685 1051 1725 Πάντα
1071 1683 1140 1737 ἄρα
1155 1684 1267 1722 ταύτά
1282 1714 1293 1734 ‚

264 1745 355 1786 ὥστε
374 1746 433 1784 καὶ
452 1748 470 1784 ὁ
485 1745 618 1798 χρόνος.
644 1762 658 1780 υ
677 1744 750 1784 Καὶ
763 1742 868 1797 ὅραύ
848 1759 901 1782 οτι
924 1742 1006 1793 μίαν
1026 1741 1086 1780 καὶ
1105 1741 1168 1788 τὴν
1188 1743 1294 1789 αὐτὴν

266 1806 358 1855 λέγει
372 1804 503 1851 κίνησιν
518 1804 579 1852 τὴν
595 1804 700 1842 πάλιν
717 1803 777 1842 καὶ
790 1803 908 1849 πάλιν,
924 1801 983 1840 καὶ
999 1801 1039 1840 τὸ
1053 1800 1220 1849 πρότερον
1234 1800 1295 1839 καὶ

271 1862 396 1900 ἄλλου
379 1877 519 1909 υστερον
548 1861 582 1899 ἓν
600 1860 660 1899 καὶ
679 1861 719 1900 τὸ
739 1861 838 1901 αὔτό.
862 1860 984 1901 ἩΟτι
967 1860 1002 1899 οὲ
1026 1876 1085 1899 και
1098 1854 1195 1901 οὗτος
1209 1857 1296 1897 ἄλλο

266 1931 324 1953 και
341 1915 426 1954 ἄλλο
439 1915 477 1953 τὸ
491 1916 530 1953 ἀε
516 1914 545 1953 εὶ
563 1916 738 1966 γινόμενον
756 1913 843 1954 εἶναί
862 1929 946 1967 φησι
965 1914 1024 1951 καὶ
1049 1916 1110 1960 τῆς
1124 1914 1297 1962 κινήσεως

266 1972 392 2012 καιτοῦ
405 1973 544 2045 χρόνου,
562 1973 706 2012 ἄκουσον
720 1976 775 2011 οῖα
785 1988 847 2023 μετ
850 1971 978 2024 ’ὀλίγον
986 1974 1054 2010 τῶν
1063 1971 1131 2019 ἤδη
1146 1987 1296 2025 παρατε·

267 2031 390 2071 θέντων
400 2031 579 2084 γέγραφεν·
585 2050 597 2066 ιι
608 2031 724 2084 ὥσπερ
736 2031 770 2070 δὲ
782 2034 842 2078 τ’ῆς
852 2031 1017 2077 κινήσεως
1029 2046 1069 2069 το
1083 2030 1210 2081 ἄτομόν
1223 2048 1296 2070 εστι

268 2090 383 2142 μόνον,
400 2090 439 2129 τὸ
460 2091 495 2131 δὲ
512 2091 744 2143 παρεληλυθὸς
763 2090 855 2144 ἔῤῥει
870 2120 881 2140 ,
902 2090 942 2129 τὸ
965 2089 1000 2128 δὲ
1023 2090 1184 2141 ἐσόμενον
1200 2090 1296 2131 οὔπω

268 2150 374 2201 ἐστίν,
389 2149 479 2188 οὕτω
493 2150 551 2188 καὶ
565 2154 624 2188 τοῦ
644 2149 768 2202 χρόνου
785 2150 824 2188 τὸ
842 2149 903 2201 μὲν
922 2148 1079 2202 οἴχεται,
1095 2150 1134 2188 τὸ
1151 2150 1182 2188 δ’
1201 2151 1297 2190 οὔπω

267 2208 355 2256 ἐστί,
372 2209 411 2247 τὸ
425 2208 459 2246 δὲ
473 2208 582 2261 παρόν
605 2210 711 2256 ἔστιν,
733 2209 819 2248 ἄλλο
835 2209 895 2247 καὶ
911 2208 995 2247 ἄλλο
1012 2209 1188 2260 γινόμενον
1206 2212 1272 2252 ἀεί.
1287 2211 1297 2263 )

267 2268 450 2306 Caeterum
466 2278 719 2307 consentanea
743 2267 1048 2320 praecedentibus
1072 2268 1153 2306 haec
1181 2269 1297 2309 habet

267 2326 482 2377 Simplicius
501 2327 565 2365 fol.
594 2342 678 2375 171.
692 2327 733 2366 b.
758 2326 797 2365 τὸ
817 2327 851 2364 δὲ
869 2325 960 2365 οὕτω
976 2329 1024 2379 τῷ
1041 2327 1123 2366 εἴδει
1143 2327 1181 2366 τὸ
1200 2331 1295 2378 αὐτό,

267 2387 313 2427 ὡς
331 2385 420 2423 κατὰ
444 2386 552 2435 μηδὲν
570 2380 655 2424 εἶναι
673 2386 852 2438 διάφορον,
871 2385 931 2424 καὶ
947 2387 994 2438 τῷ
1015 2388 1149 2439 ἀριθμῷ
1168 2402 1242 2431 πως
1258 2389 1297 2427 τὸ

268 2444 351 2481 αὐτὸ
372 2445 474 2492 δοκεῖ,
489 2446 534 2489 ὡς
548 2445 605 2483 καὶ
621 2444 677 2482 ἐπὶ
695 2447 762 2483 τῶν
788 2444 943 2495 μονάδων
965 2443 1099 2494 εἴρηται
1118 2444 1296 2496 πρότερον,

269 2502 327 2541 καὶ
347 2505 420 2552 μετ’
436 2503 549 2554 ὀλίγον
569 2503 626 2542 τὸν
647 2503 807 2554 Εὔδημον
828 2503 988 2556 μάρτυρα
1004 2503 1295 2555 παραθήσομαι.)

321 2575 367 2599 52.
393 2561 454 2601 Ἐν
473 2562 507 2600 δὲ
526 2565 576 2615 τῷ
607 2562 720 2615 χρόνῳ
737 2563 851 2601 πάντα
870 2561 1000 2612 γίνεται
1026 2562 1084 2601 καὶ
1101 2563 1297 2616 φθείρεται,

269 2620 321 2658 διὸ
341 2618 400 2658 καὶ
423 2621 453 2658 οἱ
473 2619 534 2670 μὲν
555 2621 750 2674 σοφώτατον
781 2622 916 2671 ἔλεγον,
952 2624 969 2659 ὁ
999 2619 1033 2659 δὲ
1065 2621 1300 2673 Πυθαγόρειος

271 2678 398 2729 Πάρων
421 2677 682 2728 ἀμαθέστατον,
711 2681 763 2717 ὅτι
793 2677 1075 2717 ἐπιλανθάνονται
1100 2681 1134 2717 ἐν
1161 2679 1296 2732 τούτῳ,

270 2737 378 2787 λέγων
398 2735 586 2787 ὀρθότερον.

327 2796 572 2844 (Aristoteles
592 2795 709 2846 Phys.
730 2795 799 2833 lib.
820 2795 882 2843 lv,
905 2809 990 2847 cap.
1019 2798 1063 2833 13
1084 2810 1122 2848 p.
1143 2811 1233 2835 222.
1253 2796 1294 2837 b.

311 2942 362 2970 52.
387 2938 423 2970 In
446 2939 592 2979 tempore
616 2940 726 2970 autem
741 2939 847 2971 omnia
873 2939 954 2972 fiunt
979 2942 1011 2972 et
1028 2944 1299 2983 corrumpuntur;

270 2998 466 3039 quapropter
482 2997 627 3029 nonnulli
650 2998 781 3038 quidem
804 2999 1079 3040 sapientissimum
1094 3001 1174 3034 illud
1190 3002 1300 3044 appel-

271 3054 390 3094 larunt,
411 3055 469 3087 sed
485 3056 707 3097 Pythagoreus
723 3058 805 3089 Paro
825 3056 1100 3099 indoctissimum,
1118 3060 1196 3100 quia
1213 3060 1247 3093 in
1262 3069 1301 3093 eo

270 3112 370 3146 etiam
384 3113 627 3151 obliviscantur,
651 3115 770 3147 rectius
788 3115 909 3162 dicQs.

312 3174 363 3205 53.
388 3171 525 3204 Videtur
538 3172 636 3213 igitur
651 3173 750 3206 etiam
770 3173 929 3215 Archytas
951 3185 1043 3216 aeque
1059 3178 1157 3218 atque
1174 3178 1300 3210 Aristo-

271 3230 353 3265 teles
383 3231 572 3264 continuum
600 3233 633 3264 et
662 3231 911 3273 inseparabilem
941 3242 1050 3266 rerum
1087 3237 1302 3277 praesentium

272 3290 398 3322 fluxum
429 3291 558 3330 tempus
583 3290 747 3330 statuere,
778 3290 985 3332 maximeque
1014 3293 1141 3326 tradere
1165 3294 1199 3326 id
1215 3294 1302 3334 quod

272 3347 366 3380 simili
378 3349 455 3380 ortu
472 3349 662 3388 generatum
683 3348 736 3389 sit,
754 3349 788 3381 et
805 3349 934 3391 proprie
958 3351 1135 3391 appelletur
1152 3354 1299 3393 tempus,

273 3415 344 3439 osse
358 3415 473 3440 revera
491 3406 683 3440 mternitatis
697 3407 881 3448 imaginem.
897 3410 938 3440 At
952 3409 1046 3441 Plato
1065 3411 1098 3441 et
1112 3410 1303 3444 Aristoteles

1349 400 1411 452 μὲν
1425 400 1491 453 γὰρ
1505 399 1722 452 σοφώτατον,
1740 398 1793 436 ὅτι
1807 398 1983 450 γίνονται’
1970 399 2192 450 επιστήμονες
2209 417 2274 440 υπο
2291 400 2377 454 χρό-
2436 399 2437 402 “
2467 401 2468 404 “

1349 476 1420 509 νου,
1436 459 1562 511 Πάρων
1578 458 1612 496 δὲ
1627 460 1644 496 δ
1662 458 1893 532 Πυθαγόρειος
1902 457 2154 508 ἀμαθέστατον,
2171 460 2226 499 ὅτι
2238 461 2377 501 ἐπιλεα-

1350 519 1510 557 θάνονται
1541 517 1607 556 ὑπὸ
1637 516 1777 569 χρόνου.
1798 510 1910 560 Ουτος
1941 515 2020 554 δὲ’
2001 531 2108 556 εοικεν
2128 511 2238 568 εἶναι,
2256 513 2296 558 οὗ
2318 517 2378 559 καὶ

1351 575 1512 627 Εὔδημος
1537 575 1723 626 ἀνωνύμως
1743 573 1918 626 ἐμνήσθη,
1936 573 2080 626 λέγων’
2065 590 2098 612 εν
2117 573 2301 628 Ὀλυμπία
2317 577 2380 617 Σο·

1352 634 1500 685 μωνίδου
1517 633 1573 673 τὸν
1585 633 1706 686 χρόνον
1719 635 1934 676 ἕπαινουντος
1947 634 1992 676 ὡς
2010 633 2224 685 σοφώτατον,
2239 633 2379 687 aluph

1352 694 1444 746 αὐτῷ
1461 694 1495 731 αἱ
1516 692 1680 744 μαθήσεις
1699 690 1849 742 γίνονται
1862 690 1921 730 καὶ
1937 692 2006 730 αἶ’
1987 690 2237 743 αναμνήσεις,.
2224 692 2382 745 παρόνσᾳ

1350 750 1428 790 τινὰ
1452 766 1518 788 των
1536 752 1649 804 σοφῶν
1676 751 1798 787 εἰπεῖν·
1818 748 1852 787 τί
1872 748 1926 797 δὲ,
1949 751 1977 787 ὠ
2007 750 2188 799 Σιμωνίδη
2202 779 2212 797 ,
2231 751 2294 789 οὐκ
2303 749 2384 792 lm-

1351 807 1586 860 λανθανόμεθα
1617 808 1734 859 μέντοι
1761 810 1795 846 ἐν
1831 823 1879 860 τῳ
1912 807 2047 860 χρόνῳς
2075 806 2136 846 καὶ
2168 806 2304 859 μήποτε
2321 807 2386 851 καὶ

1352 867 1448 920 παρὰ
1468 865 1697 919 Ἀριστοτέλει
1725 867 1758 904 ἐν
1787 867 1837 918 τῷ
1858 869 1875 904 ὁ
1898 865 1933 904 δὲ
1954 866 2184 918 Πυθαγόρειος
2202 881 2326 920 πᾳρων
2343 864 2385 909 τὸ

1353 927 1527 966 ΠΑΡΩΝ
1563 927 1624 964 οὐκ
1654 918 1740 963 εἶναι
1774 922 1882 974 ὄνομα
1914 923 2055 976 κύριον,
2091 924 2181 963 ἀλλὰ
2216 922 2384 978 μετοχήν·

1355 985 1511 1039 παρόντα
1538 985 1607 1037 γὰρ
1626 984 1683 1022 τὸν
1704 983 1935 1036 Πυθαγόρειον
1951 999 2000 1035 τω
2020 983 2200 1035 Σιμωνίδῃ
2220 983 2381 1035 λέγοντι,

1353 1044 1405 1083 ὅτι
1424 1043 1619 1097 σοφώτατος
1646 1045 1664 1081 δ
1679 1042 1822 1094 χρόνος,
1843 1044 1950 1080 εἰπεῖν
1970 1057 2072 1094 φασιν
2092 1043 2146 1081 ὅτι
2174 1043 2384 1093 ἀμαθέστα-
2425 1075 2427 1077 .
2487 1057 2490 1059 ’

1353 1118 1425 1142 τον.
1447 1103 1540 1148 Quae
1563 1115 1682 1152 quum
1707 1102 1761 1140 ita
1790 1102 1889 1150 sint,
1911 1110 2036 1139 tamen
2068 1101 2220 1155 Πάρῤων
2242 1115 2383 1143 nomen

1353 1162 1557 1212 propiium
1575 1169 1632 1199 est
1648 1160 1751 1209 apud
1766 1131 2005 1197 Arist6telem
2026 1158 2227 1199 Politicor.
2247 1160 2317 1201 lib.
2327 1153 2383 1210 V,

1353 1232 1437 1270 cap.
1470 1219 1544 1269 10.)

1406 1291 1453 1316 53.
1483 1275 1621 1316 Ἔοικεν
1638 1273 1695 1314 ουν
1713 1273 1772 1313 καὶ
1788 1273 2000 1326 Ἀρχύτας”
1976 1289 2096 1327 ωσπερ
2114 1273 2174 1313 καὶ
2193 1254 2387 1328 Ἀριστοτέ-

1352 1337 1415 1383 λης
1429 1336 1490 1382 τὴν
1512 1337 1578 1373 τῶν
1597 1338 1656 1374 ν’ὕν
1677 1336 1805 1385 συνεχῆ
1830 1333 1891 1371 και
1911 1333 2102 1385 ἀδιαίρετον
2128 1331 2210 1386 ῥοὴν
2235 1332 2402 1380 τίθεσθαι

1353 1395 1410 1433 τὸν
1428 1394 1563 1445 χρόνον,
1586 1392 1647 1432 καὶ
1663 1406 1780 1430 τουτον
1799 1390 1952 1441 μαλιστα
1966 1391 2194 1443 παραδιδόναι
2213 1391 2270 1431 τὸν
2293 1394 2388 1446 ἐνῇ

1353 1452 1483 1504 γενέσει
1502 1450 1682 1503 σύστοιχον
1701 1449 1761 1488 καὶ
1781 1448 1906 1501 κυρίως
1926 1448 2111 1500 λεγόμενον
2129 1449 2253 1500 χρόνον
2273 1449 2390 1497 εἰκόνα

1354 1511 1459 1554 ὅντως
1480 1526 1541 1548 του
1561 1510 1695 1551 αἰῶνος.
1719 1507 1764 1547 ‘O
1779 1509 1816 1545 δέ
1834 1522 1874 1559 γε
1890 1506 2041 1546 Πλάτων
2068 1506 2128 1545 καὶ
2147 1506 2389 1560 Ἀριστοτέλης

1353 1569 1395 1616 ἣν
1425 1569 1569 1619 εσχέτην
1599 1582 1678 1619 περι
1709 1564 1833 1619 χρόνου
1869 1564 1992 1613 δόξαν,
2036 1564 2172 1617 εἴρηται
2202 1565 2386 1620 πρότερον.

1358 1626 1428 1666 Καὶ
1447 1626 1671 1677 Θεόφραστος
1691 1623 1727 1662 δὲ
1753 1623 1813 1662 καὶ
1828 1623 1987 1673 Εὔδημος
2005 1625 2036 1662 οἱ
2050 1628 2109 1663 τοῦ
2127 1623 2396 1679 Ἀριστιιτέλουςμ

1356 1687 1484 1737 ἑταῖροι
1505 1683 1549 1723 τὰ
1569 1681 1657 1721 αὐτὰ
1686 1681 1864 1734 φαίνονται
1881 1685 1931 1735 τῷ
1951 1681 2179 1734 Ἀριστοτέλει
2197 1681 2278 1736 περὶ
2307 1682 2390 1736 χρό-

1356 1759 1413 1782 νου
1433 1742 1634 1788 δοξάσαντές
1650 1756 1688 1779 τε
1705 1740 1765 1778 καὶ
1789 1740 1998 1785 διδάξαντες.
2017 1742 2062 1780 Ὁ
2083 1740 2202 1791 μέντοι
2230 1743 2386 1795 Λαμψα-

1355 1801 1456 1849 κηνὸς
1488 1799 1656 1852 Στράτων
1681 1798 1925 1847 αἰτιασάμενος
1952 1799 2011 1837 τὸν
2044 1800 2100 1838 ὑπ’
2133 1799 2390 1852 Ἀριστοτέλους

1355 1875 1393 1898 τε
1423 1858 1485 1898 καὶ
1521 1862 1593 1897 τῶν
1630 1856 1884 1910 Ἀριστοτέλους
1917 1857 2062 1910 ἑταίρων
2091 1857 2302 1897 ἀποδοθέντα
2330 1863 2402 1900 τοῦ.

1355 1917 1483 1971 χρόνου
1504 1916 1671 1970 ὁρισμόν,
1693 1915 1795 1959 αὐτὸς
1825 1916 1939 1955 καίτοι
1965 1916 2192 1970 Θεοφράστου
2231 1916 2391 1968 μαθητὴς

1356 1975 1404 2015 ὢν
1422 1992 1480 2015 του
1500 1974 1616 2013 πάντα
1646 1974 1942 2022 ἀκολουθήσαντος
1971 1977 2020 2028 τῷ
2038 1975 2289 2028 Ἀριστοτέλει,
2309 1991 2388 2016 και·

1355 2033 1497 2086 νοτέραν
1518 2033 1677 2073 ἐὸάδισεν
1699 2031 1791 2071 ὁδόν.

1413 2092 1666 2144 (Simplicius
1690 2090 1903 2129 comment.
1929 2092 1971 2130 in
1991 2093 2055 2130 A1
2045 2101 2148 2132 lstot
2179 2093 2296 2145 Phys.
2323 2095 2390 2136 sol.

1363 2153 1478 2249 1834.)
1493 2208 1595 2249 Ἐπεὶ
1617 2209 1652 2247 δὲ
1681 2216 1778 2248 πᾶσα
1794 2208 1972 2258 μεταὸολή
1998 2211 2090 2249 ἐστιν
2120 2209 2162 2250 ἔκ
2178 2226 2268 2256 τινος
2286 2211 2335 2257 εἴς
2355 2229 2389 2253 τι

1358 2270 1482 2320 (δηλοῖ
1514 2267 1549 2306 δὲ
1580 2267 1639 2306 καὶ
1657 2266 1822 2317 τοῦνομα·
1839 2270 1914 2318 μετ’
1935 2268 2019 2308 ἄλλο
2037 2268 2104 2320 γάρ
2130 2285 2164 2308 τι
2183 2270 2242 2310 καὶ
2274 2270 2392 2324 τὸμὲν
2438 2299 2441 2306 ι

1358 2327 1521 2380 πρότερον
1540 2327 1657 2374 δηλοῖ,
1677 2325 1715 2364 τὸ
1730 2327 1758 2363 δ’
1781 2325 1954 2378 ὕστερον),
1973 2327 2188 2377 μεταὸάλλοι
2210 2328 2251 2368 ἂν
2266 2329 2305 2369 τὸ
2320 2345 2386 2382 μι-

1358 2386 1530 2426 ταὸάλλον
1547 2387 1737 2437 τετραχῶς·
1757 2384 1780 2431 ἢ
1797 2384 1864 2437 γὰρ
1887 2385 1920 2430 ἐξ
1939 2386 2166 2436 ὑποκειμένου
2186 2388 2232 2432 εἰς
2250 2389 2391 2428 ὑποκεί-

1359 2460 1459 2496 μενον
1473 2475 1485 2497 ‚
1500 2443 1523 2491 ἢ
1539 2443 1572 2488 ἐξ
1593 2443 1820 2494 ὑποκειμένου
1834 2445 1882 2487 εἷς
1902 2443 1951 2494 μὴ
1976 2444 2214 2494 ὑποκείμενον,
2231 2443 2254 2493 ἢ
2273 2447 2339 2486 οὔκ
2354 2448 2390 2494 ἐξ

1360 2501 1586 2554 ὑποκειμένου
1607 2503 1653 2545 εἷς
1673 2500 1922 2553 ὑποκείμενον,
1950 2502 1972 2549 ἢ
2003 2504 2066 2541 οὐκ.
2098 2503 2133 2549 ἐξ
2164 2504 2392 2557 ὑποκειμένου

1360 2563 1405 2606 εἷς
1430 2561 1478 2612 μὴ
1509 2560 1749 2611 ὑποκείμενον.
1754 2560 1886 2635 Λέγω
1911 2560 1945 2599 δὲ
1970 2561 2194 2613 υποκείμενον
2220 2562 2260 2602 τὸ
2283 2579 2393 2604 κατα-

1359 2620 1461 2674 φάσει
1483 2619 1713 2668 δηλούμενον,
1747 2617 1837 2657 ὥστε
1868 2619 2002 2670 ἀνάγκη
2033 2621 2072 2657 ἐκ
2105 2636 2173 2659 των
2195 2622 2388 2674 εἰρημένων

1360 2682 1450 2733 τρεῖς
1483 2682 1571 2717 εἰναι
1602 2677 1798 2728 μεταὸολάς
1822 2678 1910 2726 ,τήν
1941 2693 1980 2716 τε
2014 2677 2048 2723 ἐξ
2080 2680 2308 2732 ὑποκειμένου
2344 2683 2392 2726 εἷς

1361 2737 1606 2788 ὑποκείμενον,
1628 2752 1688 2775 και
1710 2736 1772 2783 τὴν
1792 2735 1857 2780 ἐξ
1844 2736 2066 2787 οποκειμένου
2093 2739 2139 2782 εἷς
2173 2738 2262 2788 μὴ’
2248 2741 2392 2779 υποκεί-

1362 2812 1482 2847 μενον,
1514 2795 1574 2835 καὶ
1595 2795 1657 2842 τὴν
1690 2797 1728 2834 ἐκ
1749 2794 1797 2846 μὴ
1820 2794 2050 2846 ὑποκειμένου
2072 2797 2119 2841 εἷς
2148 2796 2388 2850 ὑποκείμενον.

1361 2944 1423 2976 est.
1447 2943 1512 2977 Sed
1533 2942 1778 2984 Theophrastus
1793 2949 1921 2982 quoque
1939 2942 1973 2974 et
1987 2942 2183 2984 Eudemus,
2208 2945 2392 2980 Aristotelis

1362 3001 1511 3039 sodales,
1537 3000 1624 3032 idem
1653 2999 1743 3041 quod
1768 2998 1957 3032 Aristoteles
1972 2999 2013 3032 de
2034 3001 2178 3042 tempore
2202 3004 2341 3038 sensisse
2357 3008 2393 3041 et

1361 3059 1554 3100 praecepisse
1570 3057 1730 3091 videntur.
1748 3060 1868 3091 Verum
1881 3057 1991 3090 strato
2010 3059 2247 3100 Lampsacenus
2262 3063 2392 3106 culpata

1361 3118 1516 3159 temporis
1529 3117 1715 3150 definitione
1738 3115 1780 3148 ab
1798 3115 1972 3149 Aristotele
1990 3116 2124 3158 ejusque
2141 3119 2306 3155 sodalibus
2319 3131 2392 3165 pro-
2426 3162 2429 3165 ,

1361 3177 1430 3209 dita
1440 3201 1449 3217 ,
1463 3176 1532 3219 ipse
1549 3175 1697 3217 quamvis
1710 3175 1924 3216 Theophrasti
1943 3175 1975 3207 in
1991 3175 2140 3209 omnihus
2154 3177 2253 3212 rebus
2266 3180 2389 3217 Aristo.

1360 3235 1459 3268 telem
1475 3235 1578 3268 secuti
1595 3234 1769 3275 discipulus
1782 3234 1886 3273 esset,
1901 3242 2018 3265 novam
2030 3234 2117 3266 viam
2133 3235 2295 3277 ingressus
2310 3241 2372 3276 est.

1403 3297 1453 3328 54.
1477 3296 1559 3326 Cum
1582 3295 1688 3326 autem
1707 3290 1812 3325 omnis
1830 3291 1964 3324 mutatio
1979 3300 1998 3324 e
2012 3294 2163 3334 quopiam
2178 3295 2212 3331 in
2225 3296 2390 3340 quidpiam

1362 3353 1423 3392 sit,
1455 3353 1517 3394 (ut
1541 3351 1648 3394 ipsum
1674 3358 1804 3392 quoque
1822 3358 1939 3381 nomen
1966 3349 2127 3390 significat
2147 3363 2154 3383 :
2175 3361 2316 3393 quorum
2344 3355 2390 3388 in-

1362 3411 1520 3453 terposito
1549 3410 1612 3443 alio
1628 3409 1716 3442 aliud
1738 3407 1828 3450 prius
1840 3433 1849 3449 ,
1877 3407 1966 3440 aliud
1983 3410 2146 3450 posterius
2170 3412 2231 3452 est)
2250 3411 2284 3444 id
2303 3413 2391 3455 quod

273 3474 373 3508 quam
390 3466 581 3500 sententiam
603 3466 644 3499 de
658 3468 805 3510 tempore
827 3466 1020 3508 habuerint,
1049 3477 1147 3510 supra
1173 3469 1298 3502 dictum
1332 3485 1338 3513 l
1362 3473 1520 3511 mutatur,
1542 3468 1663 3503 mutari
1675 3468 1815 3510 quatuor
1834 3467 1939 3500 modis
1955 3469 2072 3509 potest.
2091 3470 2157 3502 Aut
2176 3470 2263 3510 enim
2276 3479 2295 3504 e
2316 3471 2391 3505 sub-

2447 2095 2453 2123 ἲ
2506 2091 2522 2120 ’,

2510 2545 2528 2652 Ξ
