<?xml version="1.0" encoding="UTF-8"?>
<!DOCTYPE html PUBLIC "-//W3C//DTD XHTML 1.0 Transitional//EN"
    "http://www.w3.org/TR/xhtml1/DTD/xhtml1-transitional.dtd">
<html xmlns="http://www.w3.org/1999/xhtml" xml:lang="en" lang="en">
 <head>
  <title>
</title>
<meta http-equiv="Content-Type" content="text/html;charset=utf-8" />
  <meta name='ocr-system' content='tesseract 3.04.00' />
  <meta name='ocr-capabilities' content='ocr_page ocr_carea ocr_par ocr_line ocrx_word'/>
</head>
<body>
  <div class='ocr_page' id='page_1' title='image "./fragmentaphiloso03mulluoft/fragmentaphiloso03mulluoft_0052.png"; bbox 0 0 2528 3788; ppageno 0'>
   <div class='ocr_carea' id='block_1_1' title="bbox 330 219 1540 264">
    <p class='ocr_par' dir='ltr' id='par_1_1' title="bbox 330 219 1540 264">
     <span class='ocr_line' id='line_1_1' title="bbox 330 219 1540 264; baseline 0.01 -12"><span class='ocrx_word' id='word_1_1' title='bbox 330 224 382 264; x_wconf 77' lang='grc'><strong>36</strong></span> <span class='ocrx_word' id='word_1_2' title='bbox 1287 219 1540 264; x_wconf 86' lang='lat' dir='ltr'><strong>SALLUSTII</strong></span> 
     </span>
    </p>
   </div>
   <div class='ocr_carea' id='block_1_2' title="bbox 331 303 2470 362">
    <p class='ocr_par' dir='ltr' id='par_1_2' title="bbox 331 303 2528 362">
     <span class='ocr_line' id='line_1_2' title="bbox 331 303 2470 362; baseline 0.002 -15"><span class='ocrx_word' id='word_1_3' title='bbox 331 309 389 347; x_wconf 81' lang='grc' dir='ltr'><strong>τὸν</strong></span> <span class='ocrx_word' id='word_1_4' title='bbox 418 308 559 361; x_wconf 79' lang='grc' dir='ltr'>αἰθέρα·</span> <span class='ocrx_word' id='word_1_5' title='bbox 585 311 603 346; x_wconf 83' lang='grc' dir='ltr'>ὁ</span> <span class='ocrx_word' id='word_1_6' title='bbox 624 307 658 345; x_wconf 81' lang='grc' dir='ltr'><strong>δὲ</strong></span> <span class='ocrx_word' id='word_1_7' title='bbox 686 307 825 359; x_wconf 72' lang='grc' dir='ltr'>οὐρανὸς</span> <span class='ocrx_word' id='word_1_8' title='bbox 844 307 986 347; x_wconf 86' lang='grc' dir='ltr'>πάντων</span> <span class='ocrx_word' id='word_1_9' title='bbox 1010 308 1134 352; x_wconf 86' lang='grc' dir='ltr'>κοινός.</span> <span class='ocrx_word' id='word_1_10' title='bbox 1156 309 1203 348; x_wconf 80' lang='grc' dir='ltr'><strong>Αἱ</strong></span> <span class='ocrx_word' id='word_1_11' title='bbox 1230 308 1292 359; x_wconf 87' lang='grc' dir='ltr'><strong>μὲν</strong></span> <span class='ocrx_word' id='word_1_12' title='bbox 1312 303 1371 349; x_wconf 64' lang='grc' dir='ltr'><strong>οὖν</strong></span> <span class='ocrx_word' id='word_1_13' title='bbox 1398 311 1404 316; x_wconf 83' lang='grc'><strong>’</strong></span> <span class='ocrx_word' id='word_1_14' title='bbox 1432 323 1512 362; x_wconf 87' lang='lat' dir='ltr'><strong>cap.</strong></span> <span class='ocrx_word' id='word_1_15' title='bbox 1541 312 1603 350; x_wconf 86' lang='lat'><strong>13.</strong></span> <span class='ocrx_word' id='word_1_16' title='bbox 1625 330 1677 339; x_wconf 90' lang='lat'>—</span> <span class='ocrx_word' id='word_1_17' title='bbox 1695 335 1710 359; x_wconf 69' lang='grc' dir='ltr'>ρ</span> <span class='ocrx_word' id='word_1_18' title='bbox 1733 308 1890 360; x_wconf 70' lang='grc' dir='ltr'>Ἀθηνᾶ]</span> <span class='ocrx_word' id='word_1_19' title='bbox 1912 308 2076 348; x_wconf 87' lang='lat' dir='ltr'><strong>Proclus</strong></span> <span class='ocrx_word' id='word_1_20' title='bbox 2098 311 2140 348; x_wconf 92' lang='lat' dir='ltr'><strong>in</strong></span> <span class='ocrx_word' id='word_1_21' title='bbox 2161 310 2308 362; x_wconf 85' lang='lat' dir='ltr'><strong>Cratyl.</strong></span> <span class='ocrx_word' id='word_1_22' title='bbox 2336 323 2368 350; x_wconf 86' lang='lat' dir='ltr'><strong>c.</strong></span> <span class='ocrx_word' id='word_1_23' title='bbox 2395 312 2470 358; x_wconf 78' lang='grc'><strong>184</strong></span> 
     </span>
    </p>
   </div>
   <div class='ocr_carea' id='block_1_3' title="bbox 319 365 1372 2770">
    <p class='ocr_par' dir='ltr' id='par_1_3' title="bbox 330 365 1372 478">
     <span class='ocr_line' id='line_1_3' title="bbox 330 365 1372 419; baseline 0 -13"><span class='ocrx_word' id='word_1_24' title='bbox 330 366 442 412; x_wconf 81' lang='grc' dir='ltr'>τάξεις</span> <span class='ocrx_word' id='word_1_25' title='bbox 465 367 523 405; x_wconf 76' lang='grc' dir='ltr'><strong>καὶ</strong></span> <span class='ocrx_word' id='word_1_26' title='bbox 543 365 704 416; x_wconf 81' lang='grc' dir='ltr'>δυνάμεις</span> <span class='ocrx_word' id='word_1_27' title='bbox 724 365 783 404; x_wconf 79' lang='grc' dir='ltr'><strong>καὶ</strong></span> <span class='ocrx_word' id='word_1_28' title='bbox 802 371 946 419; x_wconf 83' lang='grc' dir='ltr'>σφαῖραι</span> <span class='ocrx_word' id='word_1_29' title='bbox 962 370 1029 406; x_wconf 81' lang='grc' dir='ltr'><strong>τῶν</strong></span> <span class='ocrx_word' id='word_1_30' title='bbox 1054 366 1187 407; x_wconf 83' lang='grc' dir='ltr'>δώδεκα</span> <span class='ocrx_word' id='word_1_31' title='bbox 1204 369 1290 406; x_wconf 79' lang='grc' dir='ltr'>θεῶν</span> <span class='ocrx_word' id='word_1_32' title='bbox 1309 368 1372 406; x_wconf 79' lang='grc' dir='ltr'><strong>οὕ-</strong></span> 
     </span>
     <span class='ocr_line' id='line_1_4' title="bbox 331 424 918 478; baseline -0.002 -13"><span class='ocrx_word' id='word_1_33' title='bbox 331 443 397 470; x_wconf 76' lang='grc' dir='ltr'><strong>τως</strong></span> <span class='ocrx_word' id='word_1_34' title='bbox 420 425 574 478; x_wconf 81' lang='grc' dir='ltr'>εἴρηνταί</span> <span class='ocrx_word' id='word_1_35' title='bbox 592 440 630 464; x_wconf 88' lang='grc' dir='ltr'><strong>τε</strong></span> <span class='ocrx_word' id='word_1_36' title='bbox 650 425 710 464; x_wconf 80' lang='grc' dir='ltr'><strong>καὶ</strong></span> <span class='ocrx_word' id='word_1_37' title='bbox 732 424 918 476; x_wconf 77' lang='grc' dir='ltr'>ὕμνηνται.</span> 
     </span>
    </p>

    <p class='ocr_par' dir='ltr' id='par_1_4' title="bbox 319 484 1372 2770">
     <span class='ocr_line' id='line_1_5' title="bbox 388 484 1371 538; baseline 0.002 -16"><span class='ocrx_word' id='word_1_38' title='bbox 388 485 541 535; x_wconf 85' lang='lat' dir='ltr'><strong>(Pauca</strong></span> <span class='ocrx_word' id='word_1_39' title='bbox 576 485 743 523; x_wconf 82' lang='lat' dir='ltr'><strong>notanda</strong></span> <span class='ocrx_word' id='word_1_40' title='bbox 775 499 782 523; x_wconf 91' lang='lat'>:</span> <span class='ocrx_word' id='word_1_41' title='bbox 805 489 819 507; x_wconf 73' lang='lat'>⁸</span> <span class='ocrx_word' id='word_1_42' title='bbox 842 484 920 538; x_wconf 81' lang='grc' dir='ltr'>περὶ</span> <span class='ocrx_word' id='word_1_43' title='bbox 944 486 1012 523; x_wconf 85' lang='grc' dir='ltr'><strong>τῶν</strong></span> <span class='ocrx_word' id='word_1_44' title='bbox 1040 485 1283 538; x_wconf 82' lang='grc' dir='ltr'>ὑπερκοσμίων</span> <span class='ocrx_word' id='word_1_45' title='bbox 1313 486 1371 525; x_wconf 73' lang='grc' dir='ltr'><strong>καὶ</strong></span> 
     </span>
     <span class='ocr_line' id='line_1_6' title="bbox 331 542 1369 596; baseline 0.002 -14"><span class='ocrx_word' id='word_1_46' title='bbox 331 542 525 594; x_wconf 81' lang='grc' dir='ltr'>ἐγκοσμίων</span> <span class='ocrx_word' id='word_1_47' title='bbox 556 542 670 596; x_wconf 85' lang='grc' dir='ltr'>θεῶν]</span> <span class='ocrx_word' id='word_1_48' title='bbox 692 543 860 582; x_wconf 85' lang='lat' dir='ltr'><strong>Eandem</strong></span> <span class='ocrx_word' id='word_1_49' title='bbox 889 543 1109 595; x_wconf 72' lang='lat' dir='ltr'>bipartitam</span> <span class='ocrx_word' id='word_1_50' title='bbox 1136 545 1369 584; x_wconf 90' lang='lat' dir='ltr'><strong>divisionem</strong></span> 
     </span>
     <span class='ocr_line' id='line_1_7' title="bbox 331 603 1372 655; baseline 0.002 -14"><span class='ocrx_word' id='word_1_51' title='bbox 331 616 430 654; x_wconf 87' lang='lat' dir='ltr'><strong>saepe</strong></span> <span class='ocrx_word' id='word_1_52' title='bbox 450 604 624 652; x_wconf 81' lang='lat' dir='ltr'><strong>agnoscit</strong></span> <span class='ocrx_word' id='word_1_53' title='bbox 645 603 831 651; x_wconf 82' lang='lat' dir='ltr'><strong>Proclus,</strong></span> <span class='ocrx_word' id='word_1_54' title='bbox 863 603 931 654; x_wconf 91' lang='lat' dir='ltr'><strong>qui</strong></span> <span class='ocrx_word' id='word_1_55' title='bbox 959 612 1086 642; x_wconf 87' lang='lat' dir='ltr'><strong>tamen</strong></span> <span class='ocrx_word' id='word_1_56' title='bbox 1108 604 1150 642; x_wconf 89' lang='lat' dir='ltr'><strong>in</strong></span> <span class='ocrx_word' id='word_1_57' title='bbox 1178 604 1372 655; x_wconf 82' lang='lat' dir='ltr'>theologia</span> 
     </span>
     <span class='ocr_line' id='line_1_8' title="bbox 330 661 1368 716; baseline 0.004 -18"><span class='ocrx_word' id='word_1_58' title='bbox 330 661 527 699; x_wconf 82' lang='lat' dir='ltr'><strong>Platonica</strong></span> <span class='ocrx_word' id='word_1_59' title='bbox 541 670 708 712; x_wconf 84' lang='lat' dir='ltr'><strong>quatuor</strong></span> <span class='ocrx_word' id='word_1_60' title='bbox 727 674 867 712; x_wconf 86' lang='lat' dir='ltr'><strong>genera</strong></span> <span class='ocrx_word' id='word_1_61' title='bbox 888 662 1023 713; x_wconf 91' lang='lat' dir='ltr'><strong>ponit,</strong></span> <span class='ocrx_word' id='word_1_62' title='bbox 1043 662 1204 711; x_wconf 82' lang='grc' dir='ltr'>νοητούς,</span> <span class='ocrx_word' id='word_1_63' title='bbox 1219 663 1368 716; x_wconf 83' lang='grc' dir='ltr'>νοερούς,</span> 
     </span>
     <span class='ocr_line' id='line_1_9' title="bbox 330 718 1369 775; baseline 0.003 -18"><span class='ocrx_word' id='word_1_64' title='bbox 330 718 604 772; x_wconf 74' lang='grc' dir='ltr'>ὑπερκοσμίους,</span> <span class='ocrx_word' id='word_1_65' title='bbox 630 720 849 771; x_wconf 85' lang='grc' dir='ltr'>ἕγκοσμίους.</span> <span class='ocrx_word' id='word_1_66' title='bbox 869 738 922 750; x_wconf 91' lang='grc'><strong>-·-</strong></span> <span class='ocrx_word' id='word_1_67' title='bbox 937 720 954 744; x_wconf 69' lang='lat'><strong>2’</strong></span> <span class='ocrx_word' id='word_1_68' title='bbox 974 723 1065 772; x_wconf 83' lang='grc' dir='ltr'>τρεῖς</span> <span class='ocrx_word' id='word_1_69' title='bbox 1082 720 1205 773; x_wconf 78' lang='grc' dir='ltr'>ἔχουσι</span> <span class='ocrx_word' id='word_1_70' title='bbox 1231 722 1369 775; x_wconf 80' lang='grc' dir='ltr'>τάξεις]</span> 
     </span>
     <span class='ocr_line' id='line_1_10' title="bbox 331 778 1369 831; baseline 0.002 -13"><span class='ocrx_word' id='word_1_71' title='bbox 331 778 387 818; x_wconf 82' lang='lat' dir='ltr'><strong>Cf.</strong></span> <span class='ocrx_word' id='word_1_72' title='bbox 412 778 650 817; x_wconf 86' lang='lat' dir='ltr'><strong>lamblichus</strong></span> <span class='ocrx_word' id='word_1_73' title='bbox 671 780 718 818; x_wconf 89' lang='lat' dir='ltr'><strong>de</strong></span> <span class='ocrx_word' id='word_1_74' title='bbox 735 788 851 831; x_wconf 84' lang='lat' dir='ltr'><strong>myst.</strong></span> <span class='ocrx_word' id='word_1_75' title='bbox 875 793 992 830; x_wconf 85' lang='lat' dir='ltr'><strong>segm.</strong></span> <span class='ocrx_word' id='word_1_76' title='bbox 1011 779 1048 817; x_wconf 91' lang='lat' dir='ltr'><strong>ll</strong></span> <span class='ocrx_word' id='word_1_77' title='bbox 1068 794 1152 831; x_wconf 89' lang='lat' dir='ltr'><strong>cap.</strong></span> <span class='ocrx_word' id='word_1_78' title='bbox 1176 796 1196 829; x_wconf 83' lang='lat'><strong>7</strong></span> <span class='ocrx_word' id='word_1_79' title='bbox 1219 790 1257 819; x_wconf 91' lang='lat' dir='ltr'><strong>et</strong></span> <span class='ocrx_word' id='word_1_80' title='bbox 1273 782 1369 820; x_wconf 81' lang='lat' dir='ltr'><strong>Pio-</strong></span> 
     </span>
     <span class='ocr_line' id='line_1_11' title="bbox 328 838 1371 891; baseline 0.004 -15"><span class='ocrx_word' id='word_1_81' title='bbox 328 839 411 876; x_wconf 91' lang='lat' dir='ltr'><strong>clus</strong></span> <span class='ocrx_word' id='word_1_82' title='bbox 431 838 549 878; x_wconf 87' lang='lat' dir='ltr'><strong>theol.</strong></span> <span class='ocrx_word' id='word_1_83' title='bbox 572 838 665 877; x_wconf 88' lang='lat' dir='ltr'><strong>Plat.</strong></span> <span class='ocrx_word' id='word_1_84' title='bbox 690 839 758 877; x_wconf 92' lang='lat' dir='ltr'><strong>lib.</strong></span> <span class='ocrx_word' id='word_1_85' title='bbox 778 839 830 877; x_wconf 85' lang='lat' dir='ltr'><strong>vl</strong></span> <span class='ocrx_word' id='word_1_86' title='bbox 851 853 934 890; x_wconf 89' lang='lat' dir='ltr'><strong>cap.</strong></span> <span class='ocrx_word' id='word_1_87' title='bbox 961 853 1005 876; x_wconf 93' lang='lat'><strong>21</strong></span> <span class='ocrx_word' id='word_1_88' title='bbox 1032 853 1070 891; x_wconf 88' lang='lat' dir='ltr'><strong>p.</strong></span> <span class='ocrx_word' id='word_1_89' title='bbox 1099 846 1190 886; x_wconf 90' lang='grc'><strong>404.</strong></span> <span class='ocrx_word' id='word_1_90' title='bbox 1218 861 1271 869; x_wconf 92' lang='lat'><strong>—</strong></span> <span class='ocrx_word' id='word_1_91' title='bbox 1296 845 1310 864; x_wconf 80' lang='lat'><strong>⁰</strong></span> <span class='ocrx_word' id='word_1_92' title='bbox 1339 844 1371 880; x_wconf 76' lang='grc' dir='ltr'><strong>οἱ</strong></span> 
     </span>
     <span class='ocr_line' id='line_1_12' title="bbox 329 890 1370 949; baseline 0.004 -15"><span class='ocrx_word' id='word_1_93' title='bbox 329 896 390 946; x_wconf 82' lang='grc' dir='ltr'><strong>μὲν</strong></span> <span class='ocrx_word' id='word_1_94' title='bbox 413 890 503 934; x_wconf 69' lang='grc' dir='ltr'>εἶναι</span> <span class='ocrx_word' id='word_1_95' title='bbox 521 911 658 936; x_wconf 91' lang='grc' dir='ltr'>ποιουσι</span> <span class='ocrx_word' id='word_1_96' title='bbox 678 897 734 936; x_wconf 84' lang='grc' dir='ltr'><strong>τὸν</strong></span> <span class='ocrx_word' id='word_1_97' title='bbox 759 897 915 948; x_wconf 84' lang='grc' dir='ltr'>κόσμον]</span> <span class='ocrx_word' id='word_1_98' title='bbox 933 911 1010 935; x_wconf 89' lang='grc'><strong>11011</strong></span> <span class='ocrx_word' id='word_1_99' title='bbox 1030 907 1198 949; x_wconf 87' lang='lat' dir='ltr'><strong>quatuor</strong></span> <span class='ocrx_word' id='word_1_100' title='bbox 1212 899 1370 939; x_wconf 84' lang='lat' dir='ltr'><strong>ordines</strong></span> 
     </span>
     <span class='ocr_line' id='line_1_13' title="bbox 326 955 1369 1008; baseline 0.002 -14"><span class='ocrx_word' id='word_1_101' title='bbox 326 956 411 994; x_wconf 81' lang='grc' dir='ltr'>θεῶν</span> <span class='ocrx_word' id='word_1_102' title='bbox 432 955 651 1006; x_wconf 81' lang='grc' dir='ltr'>ἐγκοσμίων,</span> <span class='ocrx_word' id='word_1_103' title='bbox 672 956 738 995; x_wconf 91' lang='lat' dir='ltr'><strong>sed</strong></span> <span class='ocrx_word' id='word_1_104' title='bbox 761 957 934 1008; x_wconf 89' lang='lat' dir='ltr'><strong>quinque</strong></span> <span class='ocrx_word' id='word_1_105' title='bbox 950 966 1134 995; x_wconf 86' lang='lat' dir='ltr'><strong>memorat</strong></span> <span class='ocrx_word' id='word_1_106' title='bbox 1146 957 1339 996; x_wconf 79' lang='lat' dir='ltr'><strong>Procius</strong></span> <span class='ocrx_word' id='word_1_107' title='bbox 1328 973 1369 996; x_wconf 91' lang='grc'><strong>111</strong></span> 
     </span>
     <span class='ocr_line' id='line_1_14' title="bbox 326 1014 1368 1070; baseline 0.005 -19.034"><span class='ocrx_word' id='word_1_108' title='bbox 326 1014 515 1053; x_wconf 86' lang='lat' dir='ltr'><strong>Timaeum</strong></span> <span class='ocrx_word' id='word_1_109' title='bbox 534 1029 572 1066; x_wconf 88' lang='lat' dir='ltr'><strong>p.</strong></span> <span class='ocrx_word' id='word_1_110' title='bbox 591 1015 637 1052; x_wconf 85' lang='grc'><strong>51</strong></span> <span class='ocrx_word' id='word_1_111' title='bbox 661 1015 788 1054; x_wconf 85' lang='grc' dir='ltr'>πολλαὶ</span> <span class='ocrx_word' id='word_1_112' title='bbox 810 1015 871 1066; x_wconf 85' lang='grc' dir='ltr'><strong>μὲν</strong></span> <span class='ocrx_word' id='word_1_113' title='bbox 893 1015 1027 1054; x_wconf 85' lang='grc' dir='ltr'>ἑνιαίων</span> <span class='ocrx_word' id='word_1_114' title='bbox 1051 1018 1136 1055; x_wconf 88' lang='grc' dir='ltr'>θεων</span> <span class='ocrx_word' id='word_1_115' title='bbox 1157 1017 1368 1070; x_wconf 88' lang='grc' dir='ltr'>ἀναφαίνον-</span> 
     </span>
     <span class='ocr_line' id='line_1_15' title="bbox 331 1071 1365 1127; baseline 0.004 -17"><span class='ocrx_word' id='word_1_116' title='bbox 331 1088 389 1111; x_wconf 87' lang='grc' dir='ltr'><strong>ται</strong></span> <span class='ocrx_word' id='word_1_117' title='bbox 411 1071 548 1123; x_wconf 82' lang='grc' dir='ltr'>τάξεις,</span> <span class='ocrx_word' id='word_1_118' title='bbox 571 1076 832 1126; x_wconf 73' lang='grc' dir='ltr'>φρουρητικῶν,</span> <span class='ocrx_word' id='word_1_119' title='bbox 855 1074 1129 1126; x_wconf 83' lang='grc' dir='ltr'>δημιουργικῶν,</span> <span class='ocrx_word' id='word_1_120' title='bbox 1154 1077 1365 1127; x_wconf 77' lang='grc' dir='ltr'>ἀναγωγῶν,</span> 
     </span>
     <span class='ocr_line' id='line_1_16' title="bbox 327 1131 1366 1184; baseline 0.004 -16"><span class='ocrx_word' id='word_1_121' title='bbox 327 1132 552 1178; x_wconf 84' lang='grc' dir='ltr'>συνεκτικῶν,</span> <span class='ocrx_word' id='word_1_122' title='bbox 569 1133 830 1184; x_wconf 83' lang='grc' dir='ltr'>τελεσιουργῶν.</span> <span class='ocrx_word' id='word_1_123' title='bbox 847 1153 900 1162; x_wconf 92' lang='lat'>—</span> <span class='ocrx_word' id='word_1_124' title='bbox 913 1131 929 1155; x_wconf 82' lang='lat'><strong>‘¹</strong></span> <span class='ocrx_word' id='word_1_125' title='bbox 947 1132 1108 1184; x_wconf 85' lang='grc' dir='ltr'>δώδεκα]</span> <span class='ocrx_word' id='word_1_126' title='bbox 1125 1134 1216 1173; x_wconf 85' lang='lat' dir='ltr'><strong>Vid.</strong></span> <span class='ocrx_word' id='word_1_127' title='bbox 1239 1135 1366 1172; x_wconf 84' lang='lat' dir='ltr'><strong>Procl.</strong></span> 
     </span>
     <span class='ocr_line' id='line_1_17' title="bbox 326 1189 1365 1243; baseline 0.005 -17"><span class='ocrx_word' id='word_1_128' title='bbox 326 1190 443 1230; x_wconf 88' lang='lat' dir='ltr'><strong>theol.</strong></span> <span class='ocrx_word' id='word_1_129' title='bbox 459 1189 557 1230; x_wconf 83' lang='lat' dir='ltr'><strong>Plat.</strong></span> <span class='ocrx_word' id='word_1_130' title='bbox 576 1191 648 1230; x_wconf 89' lang='lat' dir='ltr'><strong>lib.</strong></span> <span class='ocrx_word' id='word_1_131' title='bbox 668 1190 719 1229; x_wconf 83' lang='lat' dir='ltr'><strong>Vl</strong></span> <span class='ocrx_word' id='word_1_132' title='bbox 741 1205 827 1243; x_wconf 84' lang='lat' dir='ltr'><strong>cap.</strong></span> <span class='ocrx_word' id='word_1_133' title='bbox 850 1206 914 1230; x_wconf 89' lang='lat'><strong>22.</strong></span> <span class='ocrx_word' id='word_1_134' title='bbox 938 1191 998 1230; x_wconf 88' lang='lat' dir='ltr'><strong>Cf.</strong></span> <span class='ocrx_word' id='word_1_135' title='bbox 1017 1193 1193 1239; x_wconf 77' lang='lat' dir='ltr'><strong>Hermias</strong></span> <span class='ocrx_word' id='word_1_136' title='bbox 1210 1195 1252 1232; x_wconf 93' lang='lat' dir='ltr'><strong>in</strong></span> <span class='ocrx_word' id='word_1_137' title='bbox 1268 1195 1365 1233; x_wconf 79' lang='lat' dir='ltr'><strong>plat.</strong></span> 
     </span>
     <span class='ocr_line' id='line_1_18' title="bbox 325 1249 1366 1300; baseline 0.007 -14"><span class='ocrx_word' id='word_1_138' title='bbox 325 1249 476 1288; x_wconf 89' lang='lat' dir='ltr'><strong>Phaedr.</strong></span> <span class='ocrx_word' id='word_1_139' title='bbox 496 1263 534 1300; x_wconf 90' lang='lat' dir='ltr'><strong>p.</strong></span> <span class='ocrx_word' id='word_1_140' title='bbox 560 1251 633 1287; x_wconf 83' lang='lat'><strong>123</strong></span> <span class='ocrx_word' id='word_1_141' title='bbox 671 1250 729 1289; x_wconf 91' lang='lat' dir='ltr'><strong>ed.</strong></span> <span class='ocrx_word' id='word_1_142' title='bbox 767 1252 847 1289; x_wconf 83' lang='lat' dir='ltr'><strong>Ast.</strong></span> <span class='ocrx_word' id='word_1_143' title='bbox 868 1271 920 1280; x_wconf 93' lang='lat'><strong>—-</strong></span> <span class='ocrx_word' id='word_1_144' title='bbox 946 1256 960 1274; x_wconf 59' lang='grc' dir='ltr'><strong>Β</strong></span> <span class='ocrx_word' id='word_1_145' title='bbox 985 1250 1071 1295; x_wconf 80' lang='grc' dir='ltr'>Ζεὺς</span> <span class='ocrx_word' id='word_1_146' title='bbox 1099 1251 1157 1290; x_wconf 81' lang='grc' dir='ltr'><strong>καὶ</strong></span> <span class='ocrx_word' id='word_1_147' title='bbox 1187 1254 1366 1293; x_wconf 85' lang='grc' dir='ltr'>Ποσειδῶν</span> 
     </span>
     <span class='ocr_line' id='line_1_19' title="bbox 324 1307 1363 1362; baseline 0.008 -18"><span class='ocrx_word' id='word_1_148' title='bbox 324 1308 420 1358; x_wconf 83' lang='grc' dir='ltr'>ἐστι]</span> <span class='ocrx_word' id='word_1_149' title='bbox 441 1307 529 1346; x_wconf 89' lang='lat' dir='ltr'><strong>Vid.</strong></span> <span class='ocrx_word' id='word_1_150' title='bbox 550 1308 679 1348; x_wconf 84' lang='lat' dir='ltr'><strong>Procl.</strong></span> <span class='ocrx_word' id='word_1_151' title='bbox 707 1309 823 1348; x_wconf 89' lang='lat' dir='ltr'><strong>theol.</strong></span> <span class='ocrx_word' id='word_1_152' title='bbox 842 1310 941 1349; x_wconf 85' lang='lat' dir='ltr'><strong>Plat.</strong></span> <span class='ocrx_word' id='word_1_153' title='bbox 959 1309 1030 1349; x_wconf 89' lang='lat' dir='ltr'><strong>lib.</strong></span> <span class='ocrx_word' id='word_1_154' title='bbox 1048 1309 1098 1348; x_wconf 86' lang='lat' dir='ltr'><strong>Vl</strong></span> <span class='ocrx_word' id='word_1_155' title='bbox 1119 1323 1200 1362; x_wconf 89' lang='lat' dir='ltr'><strong>cap.</strong></span> <span class='ocrx_word' id='word_1_156' title='bbox 1220 1325 1285 1351; x_wconf 90' lang='lat'><strong>22.</strong></span> <span class='ocrx_word' id='word_1_157' title='bbox 1305 1312 1363 1352; x_wconf 88' lang='lat' dir='ltr'><strong>Cf.</strong></span> 
     </span>
     <span class='ocr_line' id='line_1_20' title="bbox 324 1365 1366 1422; baseline 0.005 -19"><span class='ocrx_word' id='word_1_158' title='bbox 324 1365 519 1404; x_wconf 86' lang='lat' dir='ltr'>Cornutus</span> <span class='ocrx_word' id='word_1_159' title='bbox 545 1367 593 1404; x_wconf 90' lang='lat' dir='ltr'><strong>de</strong></span> <span class='ocrx_word' id='word_1_160' title='bbox 610 1375 685 1405; x_wconf 87' lang='lat' dir='ltr'><strong>nat.</strong></span> <span class='ocrx_word' id='word_1_161' title='bbox 706 1367 813 1407; x_wconf 91' lang='lat' dir='ltr'><strong>deor.</strong></span> <span class='ocrx_word' id='word_1_162' title='bbox 836 1382 918 1419; x_wconf 88' lang='lat' dir='ltr'><strong>cap.</strong></span> <span class='ocrx_word' id='word_1_163' title='bbox 942 1383 963 1406; x_wconf 88' lang='lat'><strong>2</strong></span> <span class='ocrx_word' id='word_1_164' title='bbox 984 1377 1023 1406; x_wconf 90' lang='lat' dir='ltr'><strong>et</strong></span> <span class='ocrx_word' id='word_1_165' title='bbox 1053 1383 1112 1407; x_wconf 86' lang='lat'><strong>11.</strong></span> <span class='ocrx_word' id='word_1_166' title='bbox 1135 1369 1214 1397; x_wconf 78' lang='lat' dir='ltr'><strong>—t</strong></span> <span class='ocrx_word' id='word_1_167' title='bbox 1228 1368 1366 1422; x_wconf 79' lang='grc' dir='ltr'>ἼΙφαι-</span> 
     </span>
     <span class='ocr_line' id='line_1_21' title="bbox 323 1422 1363 1477; baseline 0.005 -17"><span class='ocrx_word' id='word_1_168' title='bbox 323 1422 424 1477; x_wconf 87' lang='grc' dir='ltr'>στος]</span> <span class='ocrx_word' id='word_1_169' title='bbox 444 1424 529 1461; x_wconf 89' lang='lat' dir='ltr'><strong>Vid.</strong></span> <span class='ocrx_word' id='word_1_170' title='bbox 560 1424 693 1463; x_wconf 89' lang='lat' dir='ltr'><strong>Procl.</strong></span> <span class='ocrx_word' id='word_1_171' title='bbox 716 1426 758 1462; x_wconf 90' lang='lat' dir='ltr'><strong>in</strong></span> <span class='ocrx_word' id='word_1_172' title='bbox 779 1426 884 1466; x_wconf 89' lang='lat' dir='ltr'><strong>Tim.</strong></span> <span class='ocrx_word' id='word_1_173' title='bbox 906 1440 947 1477; x_wconf 88' lang='lat' dir='ltr'><strong>p.</strong></span> <span class='ocrx_word' id='word_1_174' title='bbox 985 1432 1032 1472; x_wconf 88' lang='grc'><strong>44</strong></span> <span class='ocrx_word' id='word_1_175' title='bbox 1055 1436 1092 1464; x_wconf 91' lang='lat' dir='ltr'><strong>et</strong></span> <span class='ocrx_word' id='word_1_176' title='bbox 1117 1427 1235 1466; x_wconf 89' lang='lat' dir='ltr'><strong>theol.</strong></span> <span class='ocrx_word' id='word_1_177' title='bbox 1265 1428 1363 1465; x_wconf 75' lang='lat' dir='ltr'><strong>Plal..</strong></span> 
     </span>
     <span class='ocr_line' id='line_1_22' title="bbox 322 1481 1366 1537; baseline 0.004 -19"><span class='ocrx_word' id='word_1_178' title='bbox 322 1481 395 1520; x_wconf 74' lang='lat' dir='ltr'><strong>nb.</strong></span> <span class='ocrx_word' id='word_1_179' title='bbox 418 1481 468 1518; x_wconf 83' lang='lat' dir='ltr'><strong>Vl</strong></span> <span class='ocrx_word' id='word_1_180' title='bbox 490 1495 574 1532; x_wconf 87' lang='lat' dir='ltr'><strong>cap.</strong></span> <span class='ocrx_word' id='word_1_181' title='bbox 601 1496 667 1519; x_wconf 90' lang='lat'><strong>22.</strong></span> <span class='ocrx_word' id='word_1_182' title='bbox 692 1482 753 1521; x_wconf 88' lang='lat' dir='ltr'><strong>Cf.</strong></span> <span class='ocrx_word' id='word_1_183' title='bbox 782 1483 976 1522; x_wconf 85' lang='lat' dir='ltr'><strong>Cornutus</strong></span> <span class='ocrx_word' id='word_1_184' title='bbox 997 1498 1080 1537; x_wconf 81' lang='lat' dir='ltr'><strong>cap.</strong></span> <span class='ocrx_word' id='word_1_185' title='bbox 1107 1498 1153 1534; x_wconf 90' lang='lat'><strong>19</strong></span> <span class='ocrx_word' id='word_1_186' title='bbox 1174 1493 1211 1522; x_wconf 88' lang='lat' dir='ltr'><strong>et</strong></span> <span class='ocrx_word' id='word_1_187' title='bbox 1232 1484 1366 1536; x_wconf 84' lang='lat' dir='ltr'><strong>Olym-</strong></span> 
     </span>
     <span class='ocr_line' id='line_1_23' title="bbox 322 1541 1365 1594; baseline 0.003 -17"><span class='ocrx_word' id='word_1_188' title='bbox 322 1541 477 1590; x_wconf 87' lang='lat' dir='ltr'><strong>piodor.</strong></span> <span class='ocrx_word' id='word_1_189' title='bbox 510 1541 558 1578; x_wconf 87' lang='lat' dir='ltr'><strong>ad</strong></span> <span class='ocrx_word' id='word_1_190' title='bbox 585 1541 682 1579; x_wconf 88' lang='lat' dir='ltr'><strong>Plat.</strong></span> <span class='ocrx_word' id='word_1_191' title='bbox 706 1541 859 1582; x_wconf 88' lang='lat' dir='ltr'><strong>Phileb.</strong></span> <span class='ocrx_word' id='word_1_192' title='bbox 880 1557 920 1594; x_wconf 86' lang='lat' dir='ltr'><strong>p.</strong></span> <span class='ocrx_word' id='word_1_193' title='bbox 946 1544 1019 1580; x_wconf 89' lang='lat'><strong>281</strong></span> <span class='ocrx_word' id='word_1_194' title='bbox 1053 1543 1112 1580; x_wconf 89' lang='lat' dir='ltr'><strong>ed.</strong></span> <span class='ocrx_word' id='word_1_195' title='bbox 1139 1543 1365 1581; x_wconf 84' lang='lat' dir='ltr'><strong>Stallbaum.</strong></span> 
     </span>
     <span class='ocr_line' id='line_1_24' title="bbox 323 1598 1366 1651; baseline 0.002 -15"><span class='ocrx_word' id='word_1_196' title='bbox 323 1602 407 1629; x_wconf 37' lang='lat' dir='ltr'><strong>‡—ss</strong></span> <span class='ocrx_word' id='word_1_197' title='bbox 431 1598 605 1651; x_wconf 81' lang='grc' dir='ltr'>Δημήτηρ</span> <span class='ocrx_word' id='word_1_198' title='bbox 627 1600 643 1651; x_wconf 87' lang='grc'>]</span> <span class='ocrx_word' id='word_1_199' title='bbox 665 1599 723 1638; x_wconf 89' lang='lat' dir='ltr'><strong>Cf.</strong></span> <span class='ocrx_word' id='word_1_200' title='bbox 762 1600 1072 1640; x_wconf 77' lang='lat' dir='ltr'><strong>Proclus&#39;theol.</strong></span> <span class='ocrx_word' id='word_1_201' title='bbox 1096 1601 1193 1640; x_wconf 80' lang='lat' dir='ltr'><strong>Plat.</strong></span> <span class='ocrx_word' id='word_1_202' title='bbox 1219 1601 1289 1639; x_wconf 89' lang='lat' dir='ltr'><strong>lib.</strong></span> <span class='ocrx_word' id='word_1_203' title='bbox 1319 1601 1366 1638; x_wconf 88' lang='lat' dir='ltr'><strong>Vl</strong></span> 
     </span>
     <span class='ocr_line' id='line_1_25' title="bbox 323 1658 1364 1711; baseline 0.003 -16"><span class='ocrx_word' id='word_1_204' title='bbox 323 1670 408 1709; x_wconf 87' lang='lat' dir='ltr'><strong>cap.</strong></span> <span class='ocrx_word' id='word_1_205' title='bbox 431 1672 473 1695; x_wconf 94' lang='lat'><strong>11</strong></span> <span class='ocrx_word' id='word_1_206' title='bbox 494 1667 532 1696; x_wconf 88' lang='lat' dir='ltr'><strong>et</strong></span> <span class='ocrx_word' id='word_1_207' title='bbox 550 1659 590 1696; x_wconf 93' lang='lat' dir='ltr'><strong>in</strong></span> <span class='ocrx_word' id='word_1_208' title='bbox 608 1658 755 1709; x_wconf 87' lang='lat' dir='ltr'><strong>Cratyl.</strong></span> <span class='ocrx_word' id='word_1_209' title='bbox 775 1672 860 1710; x_wconf 89' lang='lat' dir='ltr'><strong>cap.</strong></span> <span class='ocrx_word' id='word_1_210' title='bbox 890 1661 960 1697; x_wconf 84' lang='lat'><strong>163</strong></span> <span class='ocrx_word' id='word_1_211' title='bbox 985 1674 1025 1711; x_wconf 90' lang='lat' dir='ltr'><strong>p.</strong></span> <span class='ocrx_word' id='word_1_212' title='bbox 1049 1659 1097 1711; x_wconf 85' lang='lat'><strong>95</strong></span> <span class='ocrx_word' id='word_1_213' title='bbox 1120 1659 1364 1707; x_wconf 86' lang='lat' dir='ltr'><strong>Boissonad.‚</strong></span> 
     </span>
     <span class='ocr_line' id='line_1_26' title="bbox 322 1717 1366 1768; baseline 0.001 -14"><span class='ocrx_word' id='word_1_214' title='bbox 322 1717 413 1754; x_wconf 83' lang='lat' dir='ltr'><strong>item</strong></span> <span class='ocrx_word' id='word_1_215' title='bbox 436 1717 629 1758; x_wconf 77' lang='lat' dir='ltr'>Cornutus</span> <span class='ocrx_word' id='word_1_216' title='bbox 650 1731 734 1768; x_wconf 85' lang='lat' dir='ltr'><strong>cap.</strong></span> <span class='ocrx_word' id='word_1_217' title='bbox 755 1719 817 1756; x_wconf 90' lang='lat'><strong>28.</strong></span> <span class='ocrx_word' id='word_1_218' title='bbox 837 1739 889 1747; x_wconf 96' lang='lat'><strong>—</strong></span> <span class='ocrx_word' id='word_1_219' title='bbox 910 1720 926 1742; x_wconf 83' lang='lat'><strong>¹¹</strong></span> <span class='ocrx_word' id='word_1_220' title='bbox 945 1719 1034 1757; x_wconf 91' lang='lat' dir='ltr'><strong>Vid.</strong></span> <span class='ocrx_word' id='word_1_221' title='bbox 1061 1719 1192 1757; x_wconf 83' lang='lat' dir='ltr'><strong>Procl.</strong></span> <span class='ocrx_word' id='word_1_222' title='bbox 1214 1719 1255 1756; x_wconf 95' lang='lat' dir='ltr'><strong>in</strong></span> <span class='ocrx_word' id='word_1_223' title='bbox 1274 1718 1366 1756; x_wconf 85' lang='lat' dir='ltr'><strong>Cra-</strong></span> 
     </span>
     <span class='ocr_line' id='line_1_27' title="bbox 323 1775 1362 1827; baseline 0.003 -16"><span class='ocrx_word' id='word_1_224' title='bbox 323 1775 394 1825; x_wconf 76' lang='lat' dir='ltr'><strong>tyl.</strong></span> <span class='ocrx_word' id='word_1_225' title='bbox 418 1789 457 1826; x_wconf 89' lang='lat' dir='ltr'><strong>p.</strong></span> <span class='ocrx_word' id='word_1_226' title='bbox 487 1789 560 1824; x_wconf 87' lang='lat'><strong>179</strong></span> <span class='ocrx_word' id='word_1_227' title='bbox 605 1776 714 1813; x_wconf 89' lang='lat' dir='ltr'>Adde</span> <span class='ocrx_word' id='word_1_228' title='bbox 736 1776 948 1814; x_wconf 90' lang='lat' dir='ltr'><strong>Cornutum</strong></span> <span class='ocrx_word' id='word_1_229' title='bbox 978 1790 1060 1827; x_wconf 85' lang='lat' dir='ltr'><strong>cap.</strong></span> <span class='ocrx_word' id='word_1_230' title='bbox 1097 1777 1116 1812; x_wconf 85' lang='lat'>3</span> <span class='ocrx_word' id='word_1_231' title='bbox 1146 1785 1183 1813; x_wconf 92' lang='lat' dir='ltr'><strong>et</strong></span> <span class='ocrx_word' id='word_1_232' title='bbox 1214 1776 1362 1814; x_wconf 88' lang='lat' dir='ltr'><strong>Arnob.</strong></span> 
     </span>
     <span class='ocr_line' id='line_1_28' title="bbox 322 1832 1361 1887; baseline 0.004 -18"><span class='ocrx_word' id='word_1_233' title='bbox 322 1833 394 1871; x_wconf 86' lang='lat' dir='ltr'><strong>lib.</strong></span> <span class='ocrx_word' id='word_1_234' title='bbox 412 1833 467 1870; x_wconf 87' lang='grc' dir='ltr'><strong>ΙΙΙ</strong></span> <span class='ocrx_word' id='word_1_235' title='bbox 487 1846 571 1884; x_wconf 88' lang='lat' dir='ltr'><strong>cap.</strong></span> <span class='ocrx_word' id='word_1_236' title='bbox 597 1835 661 1873; x_wconf 81' lang='lat'><strong>30.</strong></span> <span class='ocrx_word' id='word_1_237' title='bbox 683 1855 736 1865; x_wconf 86' lang='lat'><strong>--</strong></span> <span class='ocrx_word' id='word_1_238' title='bbox 755 1832 765 1856; x_wconf 72' lang='lat'>¹</span> <span class='ocrx_word' id='word_1_239' title='bbox 785 1834 872 1872; x_wconf 90' lang='lat' dir='ltr'><strong>Vid.</strong></span> <span class='ocrx_word' id='word_1_240' title='bbox 895 1835 1023 1875; x_wconf 87' lang='lat' dir='ltr'><strong>Procl.</strong></span> <span class='ocrx_word' id='word_1_241' title='bbox 1046 1836 1087 1872; x_wconf 91' lang='lat' dir='ltr'><strong>in</strong></span> <span class='ocrx_word' id='word_1_242' title='bbox 1107 1835 1253 1886; x_wconf 87' lang='lat' dir='ltr'><strong>Cratyl.</strong></span> <span class='ocrx_word' id='word_1_243' title='bbox 1278 1849 1361 1887; x_wconf 87' lang='lat' dir='ltr'><strong>cap.</strong></span> 
     </span>
     <span class='ocr_line' id='line_1_29' title="bbox 328 1892 1364 1945; baseline 0.002 -17"><span class='ocrx_word' id='word_1_244' title='bbox 328 1905 396 1938; x_wconf 90' lang='lat'><strong>171</strong></span> <span class='ocrx_word' id='word_1_245' title='bbox 418 1901 455 1929; x_wconf 89' lang='lat' dir='ltr'><strong>et</strong></span> <span class='ocrx_word' id='word_1_246' title='bbox 479 1892 551 1929; x_wconf 87' lang='lat'><strong>180</strong></span> <span class='ocrx_word' id='word_1_247' title='bbox 572 1905 642 1930; x_wconf 90' lang='lat' dir='ltr'><strong>nec</strong></span> <span class='ocrx_word' id='word_1_248' title='bbox 668 1906 747 1931; x_wconf 92' lang='lat' dir='ltr'><strong>non</strong></span> <span class='ocrx_word' id='word_1_249' title='bbox 771 1892 886 1931; x_wconf 90' lang='lat' dir='ltr'><strong>theol.</strong></span> <span class='ocrx_word' id='word_1_250' title='bbox 908 1893 1008 1932; x_wconf 90' lang='lat' dir='ltr'><strong>Plat.</strong></span> <span class='ocrx_word' id='word_1_251' title='bbox 1031 1893 1103 1932; x_wconf 88' lang='lat' dir='ltr'><strong>lib.</strong></span> <span class='ocrx_word' id='word_1_252' title='bbox 1124 1894 1174 1932; x_wconf 93' lang='lat' dir='ltr'><strong>VI</strong></span> <span class='ocrx_word' id='word_1_253' title='bbox 1193 1906 1275 1945; x_wconf 90' lang='lat' dir='ltr'><strong>cap.</strong></span> <span class='ocrx_word' id='word_1_254' title='bbox 1307 1909 1364 1942; x_wconf 91' lang='lat'><strong>17.</strong></span> 
     </span>
     <span class='ocr_line' id='line_1_30' title="bbox 323 1949 1362 2004; baseline 0.002 -16"><span class='ocrx_word' id='word_1_255' title='bbox 323 1951 405 1980; x_wconf 69' lang='lat' dir='ltr'><strong>-k</strong></span> <span class='ocrx_word' id='word_1_256' title='bbox 434 1952 465 1989; x_wconf 84' lang='grc' dir='ltr'><strong>οἱ</strong></span> <span class='ocrx_word' id='word_1_257' title='bbox 498 1950 533 1988; x_wconf 80' lang='grc' dir='ltr'><strong>δὲ</strong></span> <span class='ocrx_word' id='word_1_258' title='bbox 564 1949 789 2002; x_wconf 80' lang='grc' dir='ltr'>ἁρμόζοντες]</span> <span class='ocrx_word' id='word_1_259' title='bbox 820 1951 1008 2002; x_wconf 83' lang='lat' dir='ltr'><strong>Syrianus</strong></span> <span class='ocrx_word' id='word_1_260' title='bbox 1042 1965 1052 1990; x_wconf 89' lang='lat'>:</span> <span class='ocrx_word' id='word_1_261' title='bbox 1090 1950 1208 2004; x_wconf 80' lang='grc' dir='ltr'>ὥσπερ</span> <span class='ocrx_word' id='word_1_262' title='bbox 1240 1954 1362 2002; x_wconf 83' lang='grc' dir='ltr'>ὁμου-</span> 
     </span>
     <span class='ocr_line' id='line_1_31' title="bbox 321 2009 1362 2062; baseline 0.001 -15"><span class='ocrx_word' id='word_1_263' title='bbox 321 2009 415 2052; x_wconf 79' lang='grc' dir='ltr'>σικὸς</span> <span class='ocrx_word' id='word_1_264' title='bbox 435 2009 492 2048; x_wconf 85' lang='grc' dir='ltr'><strong>διὰ</strong></span> <span class='ocrx_word' id='word_1_265' title='bbox 520 2011 586 2047; x_wconf 84' lang='grc' dir='ltr'><strong>τῶν</strong></span> <span class='ocrx_word' id='word_1_266' title='bbox 607 2011 729 2048; x_wconf 78' lang='grc' dir='ltr'>ἑαυτοῦ</span> <span class='ocrx_word' id='word_1_267' title='bbox 763 2012 1017 2060; x_wconf 84' lang='grc' dir='ltr'>μαθηματικῶν</span> <span class='ocrx_word' id='word_1_268' title='bbox 1039 2012 1198 2062; x_wconf 76' lang='grc' dir='ltr'>ἀριθμῶν</span> <span class='ocrx_word' id='word_1_269' title='bbox 1219 2010 1281 2056; x_wconf 81' lang='grc' dir='ltr'><strong>τὴν</strong></span> <span class='ocrx_word' id='word_1_270' title='bbox 1300 2012 1362 2048; x_wconf 85' lang='grc' dir='ltr'><strong>λύ-</strong></span> 
     </span>
     <span class='ocr_line' id='line_1_32' title="bbox 324 2067 1362 2121; baseline 0.002 -16"><span class='ocrx_word' id='word_1_271' title='bbox 324 2083 401 2120; x_wconf 85' lang='grc' dir='ltr'>ραν,</span> <span class='ocrx_word' id='word_1_272' title='bbox 421 2068 528 2111; x_wconf 74' lang='grc' dir='ltr'>οὕτως</span> <span class='ocrx_word' id='word_1_273' title='bbox 546 2071 568 2114; x_wconf 85' lang='grc' dir='ltr'>ἡ</span> <span class='ocrx_word' id='word_1_274' title='bbox 598 2068 696 2120; x_wconf 76' lang='grc' dir='ltr'>φύσις</span> <span class='ocrx_word' id='word_1_275' title='bbox 715 2067 770 2106; x_wconf 89' lang='grc' dir='ltr'><strong>διὰ</strong></span> <span class='ocrx_word' id='word_1_276' title='bbox 789 2070 857 2106; x_wconf 82' lang='grc' dir='ltr'><strong>τῶν</strong></span> <span class='ocrx_word' id='word_1_277' title='bbox 880 2071 1004 2115; x_wconf 73' lang='grc' dir='ltr'>ἑαυτῆς</span> <span class='ocrx_word' id='word_1_278' title='bbox 1031 2070 1184 2121; x_wconf 81' lang='grc' dir='ltr'>φυσικῶν</span> <span class='ocrx_word' id='word_1_279' title='bbox 1207 2070 1362 2121; x_wconf 85' lang='grc' dir='ltr'>ἀριθμῶν</span> 
     </span>
     <span class='ocr_line' id='line_1_33' title="bbox 322 2126 1361 2179; baseline -0.001 -14"><span class='ocrx_word' id='word_1_280' title='bbox 322 2127 366 2166; x_wconf 85' lang='grc' dir='ltr'><strong>τὰ</strong></span> <span class='ocrx_word' id='word_1_281' title='bbox 389 2129 512 2174; x_wconf 79' lang='grc' dir='ltr'>ἑαυτῆς</span> <span class='ocrx_word' id='word_1_282' title='bbox 539 2126 682 2178; x_wconf 85' lang='grc' dir='ltr'>ἁρμόζει</span> <span class='ocrx_word' id='word_1_283' title='bbox 700 2126 1007 2179; x_wconf 88' lang='grc' dir='ltr'>δημιουργήματα.</span> <span class='ocrx_word' id='word_1_284' title='bbox 1030 2127 1104 2165; x_wconf 87' lang='lat' dir='ltr'><strong>Sed</strong></span> <span class='ocrx_word' id='word_1_285' title='bbox 1124 2127 1191 2178; x_wconf 89' lang='lat' dir='ltr'><strong>qui</strong></span> <span class='ocrx_word' id='word_1_286' title='bbox 1209 2127 1272 2165; x_wconf 92' lang='lat' dir='ltr'><strong>hic</strong></span> <span class='ocrx_word' id='word_1_287' title='bbox 1299 2127 1361 2178; x_wconf 84' lang='grc' dir='ltr'><strong>ἆρ-</strong></span> 
     </span>
     <span class='ocr_line' id='line_1_34' title="bbox 321 2186 1359 2237; baseline 0.002 -13"><span class='ocrx_word' id='word_1_288' title='bbox 321 2187 482 2237; x_wconf 86' lang='grc' dir='ltr'>μόζοντες</span> <span class='ocrx_word' id='word_1_289' title='bbox 511 2195 710 2231; x_wconf 81' lang='lat' dir='ltr'><strong>vocantur,</strong></span> <span class='ocrx_word' id='word_1_290' title='bbox 743 2200 809 2224; x_wconf 88' lang='lat' dir='ltr'><strong>eos</strong></span> <span class='ocrx_word' id='word_1_291' title='bbox 829 2187 996 2225; x_wconf 77' lang='lat' dir='ltr'><strong>Procius</strong></span> <span class='ocrx_word' id='word_1_292' title='bbox 1023 2187 1139 2224; x_wconf 88' lang='lat' dir='ltr'><strong>theol.</strong></span> <span class='ocrx_word' id='word_1_293' title='bbox 1171 2187 1265 2225; x_wconf 89' lang='lat' dir='ltr'><strong>Plat.</strong></span> <span class='ocrx_word' id='word_1_294' title='bbox 1287 2186 1359 2226; x_wconf 90' lang='lat' dir='ltr'><strong>lib.</strong></span> 
     </span>
     <span class='ocr_line' id='line_1_35' title="bbox 320 2243 1364 2297; baseline -0.001 -14"><span class='ocrx_word' id='word_1_295' title='bbox 320 2245 370 2283; x_wconf 94' lang='lat' dir='ltr'><strong>VI</strong></span> <span class='ocrx_word' id='word_1_296' title='bbox 393 2259 476 2297; x_wconf 82' lang='lat' dir='ltr'><strong>cap.</strong></span> <span class='ocrx_word' id='word_1_297' title='bbox 494 2258 542 2282; x_wconf 91' lang='grc'><strong>22</strong></span> <span class='ocrx_word' id='word_1_298' title='bbox 564 2243 656 2287; x_wconf 79' lang='grc' dir='ltr'>θεοὺς</span> <span class='ocrx_word' id='word_1_299' title='bbox 679 2244 915 2296; x_wconf 83' lang='grc' dir='ltr'>ἀνογωγικούς</span> <span class='ocrx_word' id='word_1_300' title='bbox 931 2245 1111 2296; x_wconf 85' lang='lat' dir='ltr'><strong>appellat.</strong></span> <span class='ocrx_word' id='word_1_301' title='bbox 1134 2266 1187 2274; x_wconf 96' lang='lat'><strong>—-</strong></span> <span class='ocrx_word' id='word_1_302' title='bbox 1208 2245 1217 2267; x_wconf 92' lang='lat'>¹</span> <span class='ocrx_word' id='word_1_303' title='bbox 1239 2244 1364 2283; x_wconf 80' lang='grc' dir='ltr'>Ἀπόλ-</span> 
     </span>
     <span class='ocr_line' id='line_1_36' title="bbox 319 2303 1360 2356; baseline -0.003 -12"><span class='ocrx_word' id='word_1_304' title='bbox 319 2305 418 2356; x_wconf 87' lang='grc' dir='ltr'>λων]</span> <span class='ocrx_word' id='word_1_305' title='bbox 446 2305 577 2342; x_wconf 87' lang='lat' dir='ltr'><strong>Procl.</strong></span> <span class='ocrx_word' id='word_1_306' title='bbox 601 2304 719 2343; x_wconf 90' lang='lat' dir='ltr'><strong>theol.</strong></span> <span class='ocrx_word' id='word_1_307' title='bbox 753 2305 854 2343; x_wconf 88' lang='lat' dir='ltr'><strong>Plat.</strong></span> <span class='ocrx_word' id='word_1_308' title='bbox 880 2304 954 2343; x_wconf 87' lang='lat' dir='ltr'><strong>lib.</strong></span> <span class='ocrx_word' id='word_1_309' title='bbox 976 2303 1026 2341; x_wconf 90' lang='lat' dir='ltr'><strong>Vl</strong></span> <span class='ocrx_word' id='word_1_310' title='bbox 1048 2317 1132 2353; x_wconf 84' lang='lat' dir='ltr'><strong>cap.</strong></span> <span class='ocrx_word' id='word_1_311' title='bbox 1164 2318 1207 2340; x_wconf 92' lang='lat'><strong>12</strong></span> <span class='ocrx_word' id='word_1_312' title='bbox 1226 2312 1267 2341; x_wconf 88' lang='lat' dir='ltr'><strong>et·</strong></span> <span class='ocrx_word' id='word_1_313' title='bbox 1287 2317 1360 2354; x_wconf 78' lang='lat'><strong>223</strong></span> 
     </span>
     <span class='ocr_line' id='line_1_37' title="bbox 320 2362 1363 2413; baseline -0.001 -12"><span class='ocrx_word' id='word_1_314' title='bbox 320 2364 411 2401; x_wconf 89' lang='lat' dir='ltr'><strong>item</strong></span> <span class='ocrx_word' id='word_1_315' title='bbox 433 2364 474 2401; x_wconf 88' lang='lat' dir='ltr'><strong>in</strong></span> <span class='ocrx_word' id='word_1_316' title='bbox 495 2363 641 2413; x_wconf 84' lang='lat' dir='ltr'><strong>Cratyl.</strong></span> <span class='ocrx_word' id='word_1_317' title='bbox 662 2377 742 2413; x_wconf 89' lang='lat' dir='ltr'><strong>cap.</strong></span> <span class='ocrx_word' id='word_1_318' title='bbox 770 2369 857 2410; x_wconf 87' lang='grc'><strong>174,</strong></span> <span class='ocrx_word' id='word_1_319' title='bbox 883 2364 955 2410; x_wconf 83' lang='grc'><strong>176</strong></span> <span class='ocrx_word' id='word_1_320' title='bbox 976 2371 1013 2400; x_wconf 86' lang='lat' dir='ltr'><strong>et</strong></span> <span class='ocrx_word' id='word_1_321' title='bbox 1031 2377 1119 2410; x_wconf 90' lang='lat'><strong>177.</strong></span> <span class='ocrx_word' id='word_1_322' title='bbox 1139 2362 1249 2400; x_wconf 77' lang='lat' dir='ltr'><strong>Adde</strong></span> <span class='ocrx_word' id='word_1_323' title='bbox 1272 2362 1363 2400; x_wconf 82' lang='lat' dir='ltr'><strong>Cor-</strong></span> 
     </span>
     <span class='ocr_line' id='line_1_38' title="bbox 322 2424 1361 2477; baseline -0.003 -11"><span class='ocrx_word' id='word_1_324' title='bbox 322 2433 458 2466; x_wconf 88' lang='lat' dir='ltr'><strong>nutum</strong></span> <span class='ocrx_word' id='word_1_325' title='bbox 479 2439 563 2476; x_wconf 86' lang='lat' dir='ltr'><strong>cap.</strong></span> <span class='ocrx_word' id='word_1_326' title='bbox 592 2426 654 2462; x_wconf 83' lang='lat'><strong>32.</strong></span> <span class='ocrx_word' id='word_1_327' title='bbox 676 2445 728 2456; x_wconf 89' lang='lat'><strong>-·—</strong></span> <span class='ocrx_word' id='word_1_328' title='bbox 750 2429 776 2446; x_wconf 67' lang='lat'><strong>‘¹¹</strong></span> <span class='ocrx_word' id='word_1_329' title='bbox 798 2424 1004 2477; x_wconf 84' lang='grc' dir='ltr'>Ἀφροδίτη]</span> <span class='ocrx_word' id='word_1_330' title='bbox 1028 2424 1194 2464; x_wconf 87' lang='lat' dir='ltr'><strong>Proclus</strong></span> <span class='ocrx_word' id='word_1_331' title='bbox 1213 2425 1255 2463; x_wconf 92' lang='lat' dir='ltr'><strong>in</strong></span> <span class='ocrx_word' id='word_1_332' title='bbox 1275 2425 1361 2464; x_wconf 74' lang='lat' dir='ltr'><strong>Cra-</strong></span> 
     </span>
     <span class='ocr_line' id='line_1_39' title="bbox 321 2484 1361 2536; baseline 0.004 -15"><span class='ocrx_word' id='word_1_333' title='bbox 321 2485 390 2535; x_wconf 87' lang='lat' dir='ltr'><strong>tyl.</strong></span> <span class='ocrx_word' id='word_1_334' title='bbox 415 2496 498 2535; x_wconf 82' lang='lat' dir='ltr'><strong>cap.</strong></span> <span class='ocrx_word' id='word_1_335' title='bbox 533 2486 602 2529; x_wconf 88' lang='grc'><strong>184</strong></span> <span class='ocrx_word' id='word_1_336' title='bbox 629 2494 666 2522; x_wconf 89' lang='lat' dir='ltr'><strong>et</strong></span> <span class='ocrx_word' id='word_1_337' title='bbox 695 2486 735 2522; x_wconf 89' lang='lat' dir='ltr'><strong>in</strong></span> <span class='ocrx_word' id='word_1_338' title='bbox 758 2485 858 2523; x_wconf 86' lang='lat' dir='ltr'><strong>Tim.</strong></span> <span class='ocrx_word' id='word_1_339' title='bbox 891 2499 931 2536; x_wconf 91' lang='lat' dir='ltr'><strong>p.</strong></span> <span class='ocrx_word' id='word_1_340' title='bbox 960 2484 1030 2522; x_wconf 86' lang='lat'><strong>155</strong></span> <span class='ocrx_word' id='word_1_341' title='bbox 1061 2493 1245 2525; x_wconf 82' lang='lat' dir='ltr'><strong>extrema.</strong></span> <span class='ocrx_word' id='word_1_342' title='bbox 1269 2507 1318 2513; x_wconf 86' lang='lat'><strong>—-</strong></span> <span class='ocrx_word' id='word_1_343' title='bbox 1343 2489 1361 2506; x_wconf 92' lang='lat'><strong>¹¹</strong></span> 
     </span>
     <span class='ocr_line' id='line_1_40' title="bbox 321 2543 1359 2594; baseline -0.003 -12"><span class='ocrx_word' id='word_1_344' title='bbox 321 2543 483 2594; x_wconf 70' lang='grc' dir='ltr'>Ἑρμῆς]</span> <span class='ocrx_word' id='word_1_345' title='bbox 505 2543 632 2582; x_wconf 88' lang='lat' dir='ltr'><strong>Procl.</strong></span> <span class='ocrx_word' id='word_1_346' title='bbox 661 2543 712 2582; x_wconf 83' lang='lat' dir='ltr'><strong>th.</strong></span> <span class='ocrx_word' id='word_1_347' title='bbox 746 2544 806 2583; x_wconf 90' lang='lat' dir='ltr'><strong>Pl.</strong></span> <span class='ocrx_word' id='word_1_348' title='bbox 829 2544 860 2585; x_wconf 91' lang='lat' dir='ltr'><strong>l.</strong></span> <span class='ocrx_word' id='word_1_349' title='bbox 885 2557 936 2590; x_wconf 92' lang='lat' dir='ltr'><strong>c.;</strong></span> <span class='ocrx_word' id='word_1_350' title='bbox 966 2543 1163 2581; x_wconf 86' lang='lat' dir='ltr'><strong>Cornutus</strong></span> <span class='ocrx_word' id='word_1_351' title='bbox 1189 2556 1271 2594; x_wconf 87' lang='lat' dir='ltr'><strong>cap.</strong></span> <span class='ocrx_word' id='word_1_352' title='bbox 1297 2543 1359 2582; x_wconf 88' lang='lat'><strong>16.</strong></span> 
     </span>
     <span class='ocr_line' id='line_1_41' title="bbox 322 2600 1360 2653; baseline 0 -14"><span class='ocrx_word' id='word_1_353' title='bbox 322 2625 373 2630; x_wconf 94' lang='lat'><strong>—-—</strong></span> <span class='ocrx_word' id='word_1_354' title='bbox 387 2608 402 2622; x_wconf 86' lang='lat'>⁰</span> <span class='ocrx_word' id='word_1_355' title='bbox 420 2600 572 2652; x_wconf 84' lang='grc' dir='ltr'>Ἑστία]</span> <span class='ocrx_word' id='word_1_356' title='bbox 598 2601 761 2640; x_wconf 84' lang='lat' dir='ltr'><strong>Procius</strong></span> <span class='ocrx_word' id='word_1_357' title='bbox 784 2603 896 2640; x_wconf 90' lang='lat' dir='ltr'><strong>theol.</strong></span> <span class='ocrx_word' id='word_1_358' title='bbox 925 2603 1022 2641; x_wconf 87' lang='lat' dir='ltr'><strong>Plat.</strong></span> <span class='ocrx_word' id='word_1_359' title='bbox 1044 2602 1114 2642; x_wconf 90' lang='lat' dir='ltr'><strong>lib.</strong></span> <span class='ocrx_word' id='word_1_360' title='bbox 1135 2602 1184 2639; x_wconf 87' lang='lat' dir='ltr'><strong>Vl</strong></span> <span class='ocrx_word' id='word_1_361' title='bbox 1206 2616 1289 2653; x_wconf 90' lang='lat' dir='ltr'><strong>cap.</strong></span> <span class='ocrx_word' id='word_1_362' title='bbox 1313 2616 1360 2640; x_wconf 79' lang='lat'><strong>22</strong></span> 
     </span>
     <span class='ocr_line' id='line_1_42' title="bbox 321 2659 1360 2713; baseline 0.002 -15"><span class='ocrx_word' id='word_1_363' title='bbox 321 2669 358 2698; x_wconf 91' lang='lat' dir='ltr'><strong>et</strong></span> <span class='ocrx_word' id='word_1_364' title='bbox 379 2661 420 2698; x_wconf 92' lang='lat' dir='ltr'><strong>in</strong></span> <span class='ocrx_word' id='word_1_365' title='bbox 448 2659 594 2709; x_wconf 84' lang='lat' dir='ltr'><strong>Cratyl.</strong></span> <span class='ocrx_word' id='word_1_366' title='bbox 629 2674 711 2712; x_wconf 88' lang='lat' dir='ltr'><strong>cap.</strong></span> <span class='ocrx_word' id='word_1_367' title='bbox 746 2662 834 2700; x_wconf 88' lang='grc'><strong>130.</strong></span> <span class='ocrx_word' id='word_1_368' title='bbox 860 2661 921 2700; x_wconf 88' lang='lat' dir='ltr'><strong>Cf.</strong></span> <span class='ocrx_word' id='word_1_369' title='bbox 957 2661 1150 2700; x_wconf 87' lang='lat' dir='ltr'><strong>Cornutus</strong></span> <span class='ocrx_word' id='word_1_370' title='bbox 1177 2675 1260 2713; x_wconf 86' lang='lat' dir='ltr'><strong>cap.</strong></span> <span class='ocrx_word' id='word_1_371' title='bbox 1297 2663 1360 2700; x_wconf 89' lang='grc'><strong>28.</strong></span> 
     </span>
     <span class='ocr_line' id='line_1_43' title="bbox 321 2718 1361 2770; baseline 0.002 -15"><span class='ocrx_word' id='word_1_372' title='bbox 321 2718 437 2758; x_wconf 73' lang='lat' dir='ltr'><strong>ovid.</strong></span> <span class='ocrx_word' id='word_1_373' title='bbox 462 2718 511 2757; x_wconf 90' lang='lat' dir='ltr'><strong>VI</strong></span> <span class='ocrx_word' id='word_1_374' title='bbox 535 2718 635 2758; x_wconf 86' lang='lat' dir='ltr'><strong>Fast.</strong></span> <span class='ocrx_word' id='word_1_375' title='bbox 662 2733 703 2758; x_wconf 76' lang='lat' dir='ltr'><strong>v.</strong></span> <span class='ocrx_word' id='word_1_376' title='bbox 728 2734 816 2770; x_wconf 78' lang='lat'><strong>299.</strong></span> <span class='ocrx_word' id='word_1_377' title='bbox 841 2720 999 2759; x_wconf 87' lang='lat' dir='ltr'><strong>Aristot.</strong></span> <span class='ocrx_word' id='word_1_378' title='bbox 1031 2722 1078 2759; x_wconf 89' lang='lat' dir='ltr'><strong>de</strong></span> <span class='ocrx_word' id='word_1_379' title='bbox 1098 2722 1199 2760; x_wconf 84' lang='lat' dir='ltr'><strong>coelo</strong></span> <span class='ocrx_word' id='word_1_380' title='bbox 1223 2720 1295 2760; x_wconf 79' lang='lat' dir='ltr'><strong>lib.</strong></span> <span class='ocrx_word' id='word_1_381' title='bbox 1326 2720 1361 2757; x_wconf 86' lang='lat'><strong>11</strong></span> 
     </span>
    </p>
   </div>
   <div class='ocr_carea' id='block_1_4' title="bbox 328 2797 528 2806">
    <p class='ocr_par' dir='ltr' id='par_1_5' title="bbox 328 2797 528 2806">
     <span class='ocr_line' id='line_1_44' title="bbox 328 2797 528 2806; baseline 0 982"><span class='ocrx_word' id='word_1_382' title='bbox 328 2797 528 2806; x_wconf 95' lang='lat' dir='ltr'><strong> </strong></span> 
     </span>
    </p>
   </div>
   <div class='ocr_carea' id='block_1_5' title="bbox 529 2800 674 2805">
    <p class='ocr_par' dir='ltr' id='par_1_6' title="bbox 529 2800 674 2805">
     <span class='ocr_line' id='line_1_45' title="bbox 529 2800 674 2805; baseline 0 0"><span class='ocrx_word' id='word_1_383' title='bbox 529 2800 674 2805; x_wconf 95' lang='lat' dir='ltr'><strong> </strong></span> 
     </span>
    </p>
   </div>
   <div class='ocr_carea' id='block_1_6' title="bbox 686 2800 816 2807">
    <p class='ocr_par' dir='ltr' id='par_1_7' title="bbox 686 2800 816 2807">
     <span class='ocr_line' id='line_1_46' title="bbox 686 2800 816 2807; baseline 0 0"><span class='ocrx_word' id='word_1_384' title='bbox 686 2800 816 2807; x_wconf 95' lang='lat' dir='ltr'><strong> </strong></span> 
     </span>
    </p>
   </div>
   <div class='ocr_carea' id='block_1_7' title="bbox 1004 2801 1201 2808">
    <p class='ocr_par' dir='ltr' id='par_1_8' title="bbox 1004 2801 1201 2808">
     <span class='ocr_line' id='line_1_47' title="bbox 1004 2801 1201 2808; baseline 0 980"><span class='ocrx_word' id='word_1_385' title='bbox 1004 2801 1201 2808; x_wconf 95' lang='lat' dir='ltr'><strong> </strong></span> 
     </span>
    </p>
   </div>
   <div class='ocr_carea' id='block_1_8' title="bbox 319 2829 1360 3165">
    <p class='ocr_par' dir='ltr' id='par_1_9' title="bbox 319 2829 1360 3165">
     <span class='ocr_line' id='line_1_48' title="bbox 319 2829 1360 2871; baseline 0.003 -11"><span class='ocrx_word' id='word_1_386' title='bbox 319 2830 352 2861; x_wconf 87' lang='lat' dir='ltr'><strong>et</strong></span> <span class='ocrx_word' id='word_1_387' title='bbox 377 2837 490 2862; x_wconf 86' lang='lat' dir='ltr'><strong>eorum</strong></span> <span class='ocrx_word' id='word_1_388' title='bbox 512 2829 766 2870; x_wconf 85' lang='lat' dir='ltr'><strong>unumquodque</strong></span> <span class='ocrx_word' id='word_1_389' title='bbox 789 2838 829 2861; x_wconf 88' lang='lat' dir='ltr'><strong>ex</strong></span> <span class='ocrx_word' id='word_1_390' title='bbox 858 2830 993 2871; x_wconf 78' lang='lat' dir='ltr'><strong>primis.</strong></span> <span class='ocrx_word' id='word_1_391' title='bbox 1013 2836 1129 2869; x_wconf 85' lang='lat' dir='ltr'><strong>mediis</strong></span> <span class='ocrx_word' id='word_1_392' title='bbox 1150 2833 1183 2864; x_wconf 86' lang='lat' dir='ltr'><strong>et</strong></span> <span class='ocrx_word' id='word_1_393' title='bbox 1206 2831 1360 2864; x_wconf 79' lang='lat' dir='ltr'><strong>extremis</strong></span> 
     </span>
     <span class='ocr_line' id='line_1_49' title="bbox 319 2887 1360 2928; baseline 0.004 -9"><span class='ocrx_word' id='word_1_394' title='bbox 319 2889 465 2928; x_wconf 72' lang='lat' dir='ltr'><strong>constet,</strong></span> <span class='ocrx_word' id='word_1_395' title='bbox 488 2887 617 2919; x_wconf 88' lang='lat' dir='ltr'><strong>illorum</strong></span> <span class='ocrx_word' id='word_1_396' title='bbox 644 2887 921 2921; x_wconf 80' lang='lat' dir='ltr'><strong>administratores</strong></span> <span class='ocrx_word' id='word_1_397' title='bbox 940 2888 1114 2922; x_wconf 74' lang='lat' dir='ltr'><strong>duodecim</strong></span> <span class='ocrx_word' id='word_1_398' title='bbox 1138 2899 1210 2923; x_wconf 83' lang='lat' dir='ltr'><strong>esse</strong></span> <span class='ocrx_word' id='word_1_399' title='bbox 1228 2899 1360 2923; x_wconf 77' lang='lat' dir='ltr'><strong>necesse</strong></span> 
     </span>
     <span class='ocr_line' id='line_1_50' title="bbox 319 2946 1358 2991; baseline 0.005 -13"><span class='ocrx_word' id='word_1_400' title='bbox 319 2948 381 2978; x_wconf 82' lang='lat' dir='ltr'><strong>est.</strong></span> <span class='ocrx_word' id='word_1_401' title='bbox 426 2946 584 2980; x_wconf 88' lang='lat' dir='ltr'><strong>Mundum</strong></span> <span class='ocrx_word' id='word_1_402' title='bbox 605 2946 703 2988; x_wconf 86' lang='lat' dir='ltr'><strong>igitur</strong></span> <span class='ocrx_word' id='word_1_403' title='bbox 731 2949 901 2988; x_wconf 85' lang='lat' dir='ltr'><strong>procreant</strong></span> <span class='ocrx_word' id='word_1_404' title='bbox 917 2948 1054 2989; x_wconf 82' lang='lat' dir='ltr'><strong>Jupiter,</strong></span> <span class='ocrx_word' id='word_1_405' title='bbox 1072 2951 1241 2991; x_wconf 83' lang='lat' dir='ltr'><strong>Neptunus</strong></span> <span class='ocrx_word' id='word_1_406' title='bbox 1253 2975 1261 2990; x_wconf 92' lang='lat'>‚</span> <span class='ocrx_word' id='word_1_407' title='bbox 1278 2950 1358 2982; x_wconf 87' lang='lat' dir='ltr'><strong>Vul-</strong></span> 
     </span>
     <span class='ocr_line' id='line_1_51' title="bbox 321 3005 1359 3050; baseline 0.004 -13"><span class='ocrx_word' id='word_1_408' title='bbox 321 3014 439 3046; x_wconf 88' lang='lat' dir='ltr'><strong>canus,</strong></span> <span class='ocrx_word' id='word_1_409' title='bbox 466 3005 609 3037; x_wconf 86' lang='lat' dir='ltr'><strong>animant</strong></span> <span class='ocrx_word' id='word_1_410' title='bbox 632 3006 749 3045; x_wconf 86' lang='lat' dir='ltr'><strong>Ceres,</strong></span> <span class='ocrx_word' id='word_1_411' title='bbox 778 3007 883 3045; x_wconf 88' lang='lat' dir='ltr'><strong>Juno,</strong></span> <span class='ocrx_word' id='word_1_412' title='bbox 899 3006 1002 3038; x_wconf 90' lang='lat' dir='ltr'><strong>Diana</strong></span> <span class='ocrx_word' id='word_1_413' title='bbox 1015 3032 1023 3046; x_wconf 94' lang='lat'>‚</span> <span class='ocrx_word' id='word_1_414' title='bbox 1045 3007 1201 3050; x_wconf 85' lang='lat' dir='ltr'><strong>adaptant</strong></span> <span class='ocrx_word' id='word_1_415' title='bbox 1224 3009 1359 3050; x_wconf 79' lang='lat' dir='ltr'><strong>Apollo,</strong></span> 
     </span>
     <span class='ocr_line' id='line_1_52' title="bbox 319 3064 1355 3108; baseline 0.004 -13"><span class='ocrx_word' id='word_1_416' title='bbox 319 3066 448 3105; x_wconf 84' lang='lat' dir='ltr'><strong>Venus,</strong></span> <span class='ocrx_word' id='word_1_417' title='bbox 477 3064 679 3105; x_wconf 79' lang='lat' dir='ltr'><strong>Mercurius,</strong></span> <span class='ocrx_word' id='word_1_418' title='bbox 710 3064 897 3096; x_wconf 87' lang='lat' dir='ltr'><strong>custodiunt</strong></span> <span class='ocrx_word' id='word_1_419' title='bbox 924 3068 1044 3105; x_wconf 85' lang='lat' dir='ltr'><strong>vesta,</strong></span> <span class='ocrx_word' id='word_1_420' title='bbox 1070 3066 1234 3108; x_wconf 83' lang='lat' dir='ltr'><strong>Minerva,</strong></span> <span class='ocrx_word' id='word_1_421' title='bbox 1258 3069 1355 3099; x_wconf 86' lang='lat' dir='ltr'><strong>Mars.</strong></span> 
     </span>
     <span class='ocr_line' id='line_1_53' title="bbox 319 3123 1359 3165; baseline 0.002 -10"><span class='ocrx_word' id='word_1_422' title='bbox 319 3124 446 3155; x_wconf 85' lang='lat' dir='ltr'><strong>Horum</strong></span> <span class='ocrx_word' id='word_1_423' title='bbox 460 3124 570 3156; x_wconf 75' lang='lat' dir='ltr'><strong>autem</strong></span> <span class='ocrx_word' id='word_1_424' title='bbox 586 3123 725 3155; x_wconf 82' lang='lat' dir='ltr'><strong>occultae</strong></span> <span class='ocrx_word' id='word_1_425' title='bbox 746 3123 997 3165; x_wconf 79' lang='lat' dir='ltr'><strong>significationes</strong></span> <span class='ocrx_word' id='word_1_426' title='bbox 1019 3124 1051 3156; x_wconf 93' lang='lat' dir='ltr'><strong>in</strong></span> <span class='ocrx_word' id='word_1_427' title='bbox 1075 3126 1191 3158; x_wconf 83' lang='lat' dir='ltr'><strong>statuis</strong></span> <span class='ocrx_word' id='word_1_428' title='bbox 1216 3125 1359 3158; x_wconf 84' lang='lat' dir='ltr'><strong>animad-</strong></span> 
     </span>
    </p>
   </div>
   <div class='ocr_carea' id='block_1_9' title="bbox 321 3182 1372 3227">
    <p class='ocr_par' dir='ltr' id='par_1_10' title="bbox 321 3182 1372 3227">
     <span class='ocr_line' id='line_1_54' title="bbox 321 3182 1372 3227; baseline 0.005 -13"><span class='ocrx_word' id='word_1_429' title='bbox 321 3183 505 3215; x_wconf 82' lang='lat' dir='ltr'><strong>vertuntur.</strong></span> <span class='ocrx_word' id='word_1_430' title='bbox 549 3182 675 3214; x_wconf 84' lang='lat' dir='ltr'><strong>Etenim</strong></span> <span class='ocrx_word' id='word_1_431' title='bbox 701 3182 816 3224; x_wconf 85' lang='lat' dir='ltr'><strong>Apollo</strong></span> <span class='ocrx_word' id='word_1_432' title='bbox 834 3183 939 3223; x_wconf 85' lang='lat' dir='ltr'><strong>lyram</strong></span> <span class='ocrx_word' id='word_1_433' title='bbox 957 3183 995 3215; x_wconf 89' lang='lat' dir='ltr'><strong>ad</strong></span> <span class='ocrx_word' id='word_1_434' title='bbox 1026 3186 1221 3217; x_wconf 81' lang='lat' dir='ltr'><strong>concentum</strong></span> <span class='ocrx_word' id='word_1_435' title='bbox 1247 3187 1372 3227; x_wconf 63' lang='lat' dir='ltr'><strong>aptat.</strong></span> 
     </span>
    </p>
   </div>
   <div class='ocr_carea' id='block_1_10' title="bbox 321 3240 1357 3286">
    <p class='ocr_par' dir='ltr' id='par_1_11' title="bbox 321 3240 1357 3286">
     <span class='ocr_line' id='line_1_55' title="bbox 321 3240 1357 3286; baseline 0.004 -13"><span class='ocrx_word' id='word_1_436' title='bbox 321 3241 420 3273; x_wconf 88' lang='lat' dir='ltr'><strong>armis</strong></span> <span class='ocrx_word' id='word_1_437' title='bbox 446 3240 610 3274; x_wconf 73' lang='lat' dir='ltr'><strong>instructa</strong></span> <span class='ocrx_word' id='word_1_438' title='bbox 630 3243 681 3274; x_wconf 87' lang='lat' dir='ltr'><strong>est</strong></span> <span class='ocrx_word' id='word_1_439' title='bbox 698 3241 865 3282; x_wconf 85' lang='lat' dir='ltr'><strong>Minerva,</strong></span> <span class='ocrx_word' id='word_1_440' title='bbox 896 3241 985 3274; x_wconf 89' lang='lat' dir='ltr'><strong>nuda</strong></span> <span class='ocrx_word' id='word_1_441' title='bbox 1004 3243 1203 3283; x_wconf 83' lang='lat' dir='ltr'><strong>conspicitur</strong></span> <span class='ocrx_word' id='word_1_442' title='bbox 1225 3246 1336 3277; x_wconf 89' lang='lat' dir='ltr'><strong>Venus</strong></span> <span class='ocrx_word' id='word_1_443' title='bbox 1349 3270 1357 3286; x_wconf 95' lang='lat'>‚</span> 
     </span>
    </p>
   </div>
   <div class='ocr_carea' id='block_1_11' title="bbox 319 3300 1392 3343">
    <p class='ocr_par' dir='ltr' id='par_1_12' title="bbox 319 3300 1392 3343">
     <span class='ocr_line' id='line_1_56' title="bbox 319 3300 1392 3343; baseline 0.005 -11"><span class='ocrx_word' id='word_1_444' title='bbox 319 3309 421 3342; x_wconf 85' lang='lat' dir='ltr'><strong>quum</strong></span> <span class='ocrx_word' id='word_1_445' title='bbox 437 3301 612 3334; x_wconf 79' lang='lat' dir='ltr'><strong>concentus</strong></span> <span class='ocrx_word' id='word_1_446' title='bbox 624 3300 900 3342; x_wconf 85' lang='lat' dir='ltr'><strong>pulchritudinem</strong></span> <span class='ocrx_word' id='word_1_447' title='bbox 912 3301 1038 3343; x_wconf 84' lang='lat' dir='ltr'><strong>gignat,</strong></span> <span class='ocrx_word' id='word_1_448' title='bbox 1055 3301 1110 3334; x_wconf 87' lang='lat' dir='ltr'><strong>illa</strong></span> <span class='ocrx_word' id='word_1_449' title='bbox 1123 3312 1200 3334; x_wconf 77' lang='lat' dir='ltr'><strong>vero</strong></span> <span class='ocrx_word' id='word_1_450' title='bbox 1215 3304 1248 3335; x_wconf 90' lang='lat' dir='ltr'><strong>in</strong></span> <span class='ocrx_word' id='word_1_451' title='bbox 1262 3304 1359 3337; x_wconf 86' lang='lat' dir='ltr'><strong>rebus</strong></span> <span class='ocrx_word' id='word_1_452' title='bbox 1387 3333 1392 3340; x_wconf 90' lang='lat'><strong>.</strong></span> 
     </span>
    </p>
   </div>
   <div class='ocr_carea' id='block_1_12' title="bbox 319 3359 1359 3462">
    <p class='ocr_par' dir='ltr' id='par_1_13' title="bbox 319 3359 1359 3462">
     <span class='ocr_line' id='line_1_57' title="bbox 319 3359 1359 3402; baseline 0.003 -10"><span class='ocrx_word' id='word_1_453' title='bbox 319 3359 570 3401; x_wconf 78' lang='lat' dir='ltr'><strong>aupectahilihus</strong></span> <span class='ocrx_word' id='word_1_454' title='bbox 589 3368 653 3392; x_wconf 82' lang='lat' dir='ltr'><strong>non</strong></span> <span class='ocrx_word' id='word_1_455' title='bbox 669 3359 777 3392; x_wconf 82' lang='lat' dir='ltr'><strong>lateat.</strong></span> <span class='ocrx_word' id='word_1_456' title='bbox 822 3359 882 3392; x_wconf 89' lang='lat' dir='ltr'><strong>His</strong></span> <span class='ocrx_word' id='word_1_457' title='bbox 902 3359 1006 3402; x_wconf 91' lang='lat' dir='ltr'><strong>primo</strong></span> <span class='ocrx_word' id='word_1_458' title='bbox 1023 3361 1096 3393; x_wconf 87' lang='lat' dir='ltr'><strong>loco</strong></span> <span class='ocrx_word' id='word_1_459' title='bbox 1119 3361 1280 3394; x_wconf 87' lang='lat' dir='ltr'><strong>mundum</strong></span> <span class='ocrx_word' id='word_1_460' title='bbox 1304 3364 1359 3396; x_wconf 81' lang='lat' dir='ltr'><strong>te-</strong></span> 
     </span>
     <span class='ocr_line' id='line_1_58' title="bbox 319 3417 1357 3462; baseline 0.004 -12"><span class='ocrx_word' id='word_1_461' title='bbox 319 3417 471 3451; x_wconf 78' lang='lat' dir='ltr'><strong>nentibus</strong></span> <span class='ocrx_word' id='word_1_462' title='bbox 483 3443 491 3459; x_wconf 92' lang='lat'><strong><em>‚</em></strong></span> <span class='ocrx_word' id='word_1_463' title='bbox 505 3419 640 3451; x_wconf 80' lang='lat' dir='ltr'><strong>caeteros</strong></span> <span class='ocrx_word' id='word_1_464' title='bbox 655 3427 785 3459; x_wconf 87' lang='lat' dir='ltr'><strong>quoque</strong></span> <span class='ocrx_word' id='word_1_465' title='bbox 797 3417 876 3451; x_wconf 86' lang='lat' dir='ltr'><strong>deos</strong></span> <span class='ocrx_word' id='word_1_466' title='bbox 894 3418 935 3452; x_wconf 86' lang='lat' dir='ltr'><strong>iis</strong></span> <span class='ocrx_word' id='word_1_467' title='bbox 947 3418 1052 3452; x_wconf 90' lang='lat' dir='ltr'><strong>inesse</strong></span> <span class='ocrx_word' id='word_1_468' title='bbox 1067 3420 1281 3456; x_wconf 56' lang='lat' dir='ltr'><strong>⁴statuendum</strong></span> <span class='ocrx_word' id='word_1_469' title='bbox 1295 3423 1357 3462; x_wconf 88' lang='lat' dir='ltr'><strong>est,</strong></span> 
     </span>
    </p>
   </div>
   <div class='ocr_carea' id='block_1_13' title="bbox 1428 368 2528 1595">
    <p class='ocr_par' dir='ltr' id='par_1_14' title="bbox 1428 368 2528 1595">
     <span class='ocr_line' id='line_1_59' title="bbox 1435 368 2469 422; baseline 0.003 -14"><span class='ocrx_word' id='word_1_470' title='bbox 1435 382 1511 421; x_wconf 90' lang='lat' dir='ltr'><strong>seq.</strong></span> <span class='ocrx_word' id='word_1_471' title='bbox 1533 378 1570 408; x_wconf 90' lang='lat' dir='ltr'><strong>et</strong></span> <span class='ocrx_word' id='word_1_472' title='bbox 1596 370 1637 408; x_wconf 90' lang='grc'><strong>111</strong></span> <span class='ocrx_word' id='word_1_473' title='bbox 1655 368 1758 407; x_wconf 88' lang='lat' dir='ltr'><strong>Tim.</strong></span> <span class='ocrx_word' id='word_1_474' title='bbox 1790 382 1828 419; x_wconf 90' lang='lat' dir='ltr'><strong>p.</strong></span> <span class='ocrx_word' id='word_1_475' title='bbox 1852 369 1900 412; x_wconf 91' lang='grc'><strong>48</strong></span> <span class='ocrx_word' id='word_1_476' title='bbox 1930 376 1968 406; x_wconf 88' lang='lat' dir='ltr'><strong>et</strong></span> <span class='ocrx_word' id='word_1_477' title='bbox 1989 368 2051 408; x_wconf 87' lang='lat'><strong>51.</strong></span> <span class='ocrx_word' id='word_1_478' title='bbox 2082 368 2141 407; x_wconf 85' lang='lat' dir='ltr'><strong>cf.</strong></span> <span class='ocrx_word' id='word_1_479' title='bbox 2163 371 2355 410; x_wconf 85' lang='lat' dir='ltr'><strong>Cornutus</strong></span> <span class='ocrx_word' id='word_1_480' title='bbox 2381 383 2469 422; x_wconf 83' lang='lat' dir='ltr'><strong>cap.</strong></span> 
     </span>
     <span class='ocr_line' id='line_1_60' title="bbox 1433 425 2469 480; baseline 0.002 -16"><span class='ocrx_word' id='word_1_481' title='bbox 1433 441 1495 467; x_wconf 92' lang='lat'><strong>20.</strong></span> <span class='ocrx_word' id='word_1_482' title='bbox 1513 448 1563 457; x_wconf 93' lang='lat'><strong>—</strong></span> <span class='ocrx_word' id='word_1_483' title='bbox 1577 432 1594 456; x_wconf 74' lang='lat'><strong>‘¹</strong></span> <span class='ocrx_word' id='word_1_484' title='bbox 1608 425 1740 479; x_wconf 83' lang='grc' dir='ltr'>Ἄρης]</span> <span class='ocrx_word' id='word_1_485' title='bbox 1757 426 1919 464; x_wconf 89' lang='lat' dir='ltr'><strong>Proclus</strong></span> <span class='ocrx_word' id='word_1_486' title='bbox 1935 427 1960 464; x_wconf 94' lang='grc'><strong>1.</strong></span> <span class='ocrx_word' id='word_1_487' title='bbox 1980 440 2013 466; x_wconf 87' lang='grc'><strong>0.</strong></span> <span class='ocrx_word' id='word_1_488' title='bbox 2034 434 2071 464; x_wconf 90' lang='lat' dir='ltr'><strong>et</strong></span> <span class='ocrx_word' id='word_1_489' title='bbox 2085 426 2280 467; x_wconf 81' lang='lat' dir='ltr'><strong>Cornutus</strong></span> <span class='ocrx_word' id='word_1_490' title='bbox 2297 441 2382 480; x_wconf 81' lang='lat' dir='ltr'><strong>cap.</strong></span> <span class='ocrx_word' id='word_1_491' title='bbox 2402 441 2446 466; x_wconf 82' lang='lat'><strong>21</strong></span> <span class='ocrx_word' id='word_1_492' title='bbox 2459 458 2469 470; x_wconf 89' lang='lat'><strong>.</strong></span> 
     </span>
     <span class='ocr_line' id='line_1_61' title="bbox 1430 484 2468 537; baseline 0.003 -14"><span class='ocrx_word' id='word_1_493' title='bbox 1430 506 1483 515; x_wconf 94' lang='lat'><strong>—</strong></span> <span class='ocrx_word' id='word_1_494' title='bbox 1504 492 1518 508; x_wconf 74' lang='lat'>¹</span> <span class='ocrx_word' id='word_1_495' title='bbox 1537 485 1685 537; x_wconf 84' lang='grc' dir='ltr'>ἁρμονία</span> <span class='ocrx_word' id='word_1_496' title='bbox 1707 484 1770 535; x_wconf 84' lang='grc' dir='ltr'><strong>μὲν</strong></span> <span class='ocrx_word' id='word_1_497' title='bbox 1790 486 1828 523; x_wconf 84' lang='grc' dir='ltr'><strong>τὸ</strong></span> <span class='ocrx_word' id='word_1_498' title='bbox 1844 485 1969 528; x_wconf 85' lang='grc' dir='ltr'>κάλλος</span> <span class='ocrx_word' id='word_1_499' title='bbox 1988 485 2104 536; x_wconf 85' lang='grc' dir='ltr'>ποιεῖ]</span> <span class='ocrx_word' id='word_1_500' title='bbox 2124 485 2285 526; x_wconf 79' lang='lat' dir='ltr'><strong>Procius</strong></span> <span class='ocrx_word' id='word_1_501' title='bbox 2304 487 2345 526; x_wconf 89' lang='lat' dir='ltr'><strong>in</strong></span> <span class='ocrx_word' id='word_1_502' title='bbox 2365 487 2468 528; x_wconf 89' lang='lat' dir='ltr'><strong>Tim.</strong></span> 
     </span>
     <span class='ocr_line' id='line_1_62' title="bbox 1430 544 2472 598; baseline -0.002 -15"><span class='ocrx_word' id='word_1_503' title='bbox 1430 544 1499 584; x_wconf 92' lang='lat' dir='ltr'><strong>lib.</strong></span> <span class='ocrx_word' id='word_1_504' title='bbox 1522 545 1578 583; x_wconf 89' lang='lat'><strong>111</strong></span> <span class='ocrx_word' id='word_1_505' title='bbox 1606 559 1645 596; x_wconf 90' lang='lat' dir='ltr'><strong>p.</strong></span> <span class='ocrx_word' id='word_1_506' title='bbox 1680 545 1779 595; x_wconf 78' lang='lat'><strong>1553</strong></span> <span class='ocrx_word' id='word_1_507' title='bbox 1803 545 1912 582; x_wconf 90' lang='lat' dir='ltr'><strong>Plato</strong></span> <span class='ocrx_word' id='word_1_508' title='bbox 1932 545 1974 582; x_wconf 92' lang='lat' dir='ltr'><strong>in</strong></span> <span class='ocrx_word' id='word_1_509' title='bbox 1995 544 2144 596; x_wconf 85' lang='lat' dir='ltr'><strong>Cratyl.</strong></span> <span class='ocrx_word' id='word_1_510' title='bbox 2164 559 2205 598; x_wconf 91' lang='lat' dir='ltr'><strong>p.</strong></span> <span class='ocrx_word' id='word_1_511' title='bbox 2224 546 2300 585; x_wconf 84' lang='lat'><strong>316</strong></span> <span class='ocrx_word' id='word_1_512' title='bbox 2329 555 2367 585; x_wconf 85' lang='lat' dir='ltr'><strong>et</strong></span> <span class='ocrx_word' id='word_1_513' title='bbox 2388 547 2472 585; x_wconf 76' lang='lat' dir='ltr'><strong>Ari-</strong></span> 
     </span>
     <span class='ocr_line' id='line_1_63' title="bbox 1432 603 2472 658; baseline 0.001 -15"><span class='ocrx_word' id='word_1_514' title='bbox 1432 605 1587 643; x_wconf 90' lang='lat' dir='ltr'><strong>stoteles</strong></span> <span class='ocrx_word' id='word_1_515' title='bbox 1602 604 1768 656; x_wconf 85' lang='lat' dir='ltr'><strong>Metaph.</strong></span> <span class='ocrx_word' id='word_1_516' title='bbox 1791 603 1882 642; x_wconf 90' lang='lat' dir='ltr'><strong>Xlll</strong></span> <span class='ocrx_word' id='word_1_517' title='bbox 1894 633 1904 651; x_wconf 91' lang='lat'>‚</span> <span class='ocrx_word' id='word_1_518' title='bbox 1931 604 1966 642; x_wconf 83' lang='lat'><strong>3.</strong></span> <span class='ocrx_word' id='word_1_519' title='bbox 1982 625 2034 633; x_wconf 96' lang='lat'><strong>—</strong></span> <span class='ocrx_word' id='word_1_520' title='bbox 2053 607 2066 626; x_wconf 83' lang='lat'>⁸</span> <span class='ocrx_word' id='word_1_521' title='bbox 2085 605 2123 642; x_wconf 87' lang='grc' dir='ltr'><strong>οὖ</strong></span> <span class='ocrx_word' id='word_1_522' title='bbox 2140 604 2359 658; x_wconf 80' lang='grc' dir='ltr'>κρύπτεται]</span> <span class='ocrx_word' id='word_1_523' title='bbox 2376 607 2472 644; x_wconf 88' lang='lat' dir='ltr'><strong>Pro-</strong></span> 
     </span>
     <span class='ocr_line' id='line_1_64' title="bbox 1432 662 2473 714; baseline 0.002 -12"><span class='ocrx_word' id='word_1_524' title='bbox 1432 664 1513 702; x_wconf 89' lang='lat' dir='ltr'><strong>clus</strong></span> <span class='ocrx_word' id='word_1_525' title='bbox 1534 663 1650 702; x_wconf 91' lang='lat' dir='ltr'><strong>theol.</strong></span> <span class='ocrx_word' id='word_1_526' title='bbox 1668 663 1764 701; x_wconf 86' lang='lat' dir='ltr'><strong>Plat.</strong></span> <span class='ocrx_word' id='word_1_527' title='bbox 1779 662 1851 703; x_wconf 90' lang='lat' dir='ltr'><strong>lib.</strong></span> <span class='ocrx_word' id='word_1_528' title='bbox 1878 662 1894 700; x_wconf 93' lang='lat' dir='ltr'><strong>l</strong></span> <span class='ocrx_word' id='word_1_529' title='bbox 1921 676 2006 713; x_wconf 87' lang='lat' dir='ltr'><strong>cap.</strong></span> <span class='ocrx_word' id='word_1_530' title='bbox 2030 663 2096 700; x_wconf 87' lang='lat'><strong>25.</strong></span> <span class='ocrx_word' id='word_1_531' title='bbox 2123 685 2175 694; x_wconf 89' lang='lat'><strong>—</strong></span> <span class='ocrx_word' id='word_1_532' title='bbox 2190 663 2203 687; x_wconf 54' lang='grc' dir='ltr'><strong>ἴ</strong></span> <span class='ocrx_word' id='word_1_533' title='bbox 2222 662 2387 704; x_wconf 81' lang='grc' dir='ltr'>Διόνυσον</span> <span class='ocrx_word' id='word_1_534' title='bbox 2408 665 2473 714; x_wconf 73' lang='grc' dir='ltr'><strong>μὲν</strong></span> 
     </span>
     <span class='ocr_line' id='line_1_65' title="bbox 1431 721 2497 775; baseline 0.003 -16"><span class='ocrx_word' id='word_1_535' title='bbox 1431 723 1465 759; x_wconf 81' lang='grc' dir='ltr'><strong>ἐν</strong></span> <span class='ocrx_word' id='word_1_536' title='bbox 1482 722 1563 773; x_wconf 72' lang='grc' dir='ltr'>Διὶ]</span> <span class='ocrx_word' id='word_1_537' title='bbox 1580 722 1742 761; x_wconf 90' lang='lat' dir='ltr'><strong>Proclus</strong></span> <span class='ocrx_word' id='word_1_538' title='bbox 1763 722 1804 760; x_wconf 88' lang='lat' dir='ltr'><strong>in</strong></span> <span class='ocrx_word' id='word_1_539' title='bbox 1826 721 1930 761; x_wconf 88' lang='lat' dir='ltr'><strong>Tim.</strong></span> <span class='ocrx_word' id='word_1_540' title='bbox 1950 736 1986 773; x_wconf 86' lang='lat' dir='ltr'><strong>p.</strong></span> <span class='ocrx_word' id='word_1_541' title='bbox 2007 722 2080 766; x_wconf 86' lang='grc'><strong>334</strong></span> <span class='ocrx_word' id='word_1_542' title='bbox 2102 731 2140 760; x_wconf 90' lang='lat' dir='ltr'><strong>et</strong></span> <span class='ocrx_word' id='word_1_543' title='bbox 2155 723 2198 761; x_wconf 94' lang='lat' dir='ltr'><strong>in</strong></span> <span class='ocrx_word' id='word_1_544' title='bbox 2216 721 2365 774; x_wconf 85' lang='lat' dir='ltr'><strong>Cratyl.</strong></span> <span class='ocrx_word' id='word_1_545' title='bbox 2381 733 2467 775; x_wconf 82' lang='lat' dir='ltr'><strong>cap.</strong></span> <span class='ocrx_word' id='word_1_546' title='bbox 2493 725 2497 731; x_wconf 89' lang='grc'><em>“</em></span> 
     </span>
     <span class='ocr_line' id='line_1_66' title="bbox 1437 781 2471 835; baseline 0.002 -16"><span class='ocrx_word' id='word_1_547' title='bbox 1437 782 1524 827; x_wconf 80' lang='grc'><strong>184.</strong></span> <span class='ocrx_word' id='word_1_548' title='bbox 1548 782 1649 820; x_wconf 86' lang='grc' dir='ltr'><strong>Η1110</strong></span> <span class='ocrx_word' id='word_1_549' title='bbox 1675 783 1743 833; x_wconf 93' lang='lat' dir='ltr'><strong>qui</strong></span> <span class='ocrx_word' id='word_1_550' title='bbox 1773 782 1892 831; x_wconf 86' lang='lat' dir='ltr'><strong>vulgo</strong></span> <span class='ocrx_word' id='word_1_551' title='bbox 1917 781 2082 819; x_wconf 87' lang='lat' dir='ltr'><strong>habetur</strong></span> <span class='ocrx_word' id='word_1_552' title='bbox 2107 782 2290 821; x_wconf 85' lang='lat' dir='ltr'><strong>vitisator</strong></span> <span class='ocrx_word' id='word_1_553' title='bbox 2307 781 2403 835; x_wconf 67' lang='lat' dir='ltr'><strong>deus</strong></span> <span class='ocrx_word' id='word_1_554' title='bbox 2422 783 2471 821; x_wconf 91' lang='lat' dir='ltr'><strong>ab</strong></span> 
     </span>
     <span class='ocr_line' id='line_1_67' title="bbox 1428 838 2470 892; baseline 0.001 -14"><span class='ocrx_word' id='word_1_555' title='bbox 1428 838 1709 892; x_wconf 86' lang='lat' dir='ltr'><strong>Olympiodoro</strong></span> <span class='ocrx_word' id='word_1_556' title='bbox 1726 841 1773 879; x_wconf 87' lang='lat' dir='ltr'><strong>ad</strong></span> <span class='ocrx_word' id='word_1_557' title='bbox 1793 839 1997 878; x_wconf 85' lang='lat' dir='ltr'><strong>Philebum</strong></span> <span class='ocrx_word' id='word_1_558' title='bbox 2015 854 2054 892; x_wconf 89' lang='lat' dir='ltr'><strong>p.</strong></span> <span class='ocrx_word' id='word_1_559' title='bbox 2080 855 2151 879; x_wconf 87' lang='lat'><strong>201</strong></span> <span class='ocrx_word' id='word_1_560' title='bbox 2175 841 2237 881; x_wconf 87' lang='lat' dir='ltr'><strong>ed.</strong></span> <span class='ocrx_word' id='word_1_561' title='bbox 2258 840 2470 881; x_wconf 76' lang='lat' dir='ltr'><strong>Stallbaum</strong></span> 
     </span>
     <span class='ocr_line' id='line_1_68' title="bbox 1432 897 2472 953; baseline 0.003 -18"><span class='ocrx_word' id='word_1_562' title='bbox 1432 899 1654 937; x_wconf 85' lang='lat' dir='ltr'><strong>nominatur</strong></span> <span class='ocrx_word' id='word_1_563' title='bbox 1688 898 1800 950; x_wconf 83' lang='grc' dir='ltr'>νοερὸς</span> <span class='ocrx_word' id='word_1_564' title='bbox 1820 907 1858 936; x_wconf 88' lang='lat' dir='ltr'><strong>et</strong></span> <span class='ocrx_word' id='word_1_565' title='bbox 1883 897 1957 943; x_wconf 84' lang='grc' dir='ltr'>θεὸς</span> <span class='ocrx_word' id='word_1_566' title='bbox 1978 901 2040 944; x_wconf 77' lang='grc' dir='ltr'><strong>τῆς</strong></span> <span class='ocrx_word' id='word_1_567' title='bbox 2072 901 2224 952; x_wconf 73' lang='grc' dir='ltr'>ψυχικῆς</span> <span class='ocrx_word' id='word_1_568' title='bbox 2246 898 2306 938; x_wconf 84' lang='grc' dir='ltr'><strong>καὶ</strong></span> <span class='ocrx_word' id='word_1_569' title='bbox 2326 900 2472 953; x_wconf 75' lang='grc' dir='ltr'>ὑπερκο-</span> 
     </span>
     <span class='ocr_line' id='line_1_69' title="bbox 1430 955 2465 1010; baseline 0 -16"><span class='ocrx_word' id='word_1_570' title='bbox 1430 955 1531 1006; x_wconf 86' lang='grc' dir='ltr'>σμίου</span> <span class='ocrx_word' id='word_1_571' title='bbox 1559 957 1725 1009; x_wconf 84' lang='grc' dir='ltr'>κράσεως.</span> <span class='ocrx_word' id='word_1_572' title='bbox 1745 978 1798 986; x_wconf 91' lang='lat'>—</span> <span class='ocrx_word' id='word_1_573' title='bbox 1817 965 1835 983; x_wconf 79' lang='lat'><strong>¹¹</strong></span> <span class='ocrx_word' id='word_1_574' title='bbox 1863 956 2072 1004; x_wconf 83' lang='grc' dir='ltr'>Ἀσκληπιὸν</span> <span class='ocrx_word' id='word_1_575' title='bbox 2104 956 2140 995; x_wconf 83' lang='grc' dir='ltr'><strong>δὲ</strong></span> <span class='ocrx_word' id='word_1_576' title='bbox 2174 958 2209 996; x_wconf 77' lang='grc' dir='ltr'><strong>ἐν</strong></span> <span class='ocrx_word' id='word_1_577' title='bbox 2245 955 2465 1010; x_wconf 85' lang='grc' dir='ltr'>Ἀπόλλωνι]</span> 
     </span>
     <span class='ocr_line' id='line_1_70' title="bbox 1429 1014 2466 1067; baseline 0 -14"><span class='ocrx_word' id='word_1_578' title='bbox 1429 1017 1556 1056; x_wconf 87' lang='lat' dir='ltr'><strong>Procl.</strong></span> <span class='ocrx_word' id='word_1_579' title='bbox 1577 1017 1620 1054; x_wconf 92' lang='lat' dir='ltr'><strong>in</strong></span> <span class='ocrx_word' id='word_1_580' title='bbox 1640 1018 1743 1055; x_wconf 86' lang='lat' dir='ltr'><strong>Tim.</strong></span> <span class='ocrx_word' id='word_1_581' title='bbox 1767 1015 1836 1055; x_wconf 87' lang='lat' dir='ltr'><strong>lib.</strong></span> <span class='ocrx_word' id='word_1_582' title='bbox 1861 1015 1878 1053; x_wconf 92' lang='lat'>1</span> <span class='ocrx_word' id='word_1_583' title='bbox 1905 1029 1992 1067; x_wconf 87' lang='lat' dir='ltr'><strong>pag.</strong></span> <span class='ocrx_word' id='word_1_584' title='bbox 2014 1022 2076 1067; x_wconf 84' lang='grc'><strong>49.</strong></span> <span class='ocrx_word' id='word_1_585' title='bbox 2101 1015 2290 1067; x_wconf 83' lang='lat' dir='ltr'><strong>Syrianus</strong></span> <span class='ocrx_word' id='word_1_586' title='bbox 2307 1014 2351 1054; x_wconf 89' lang='lat' dir='ltr'><strong>in</strong></span> <span class='ocrx_word' id='word_1_587' title='bbox 2370 1014 2466 1053; x_wconf 80' lang='lat' dir='ltr'><strong>Ari-</strong></span> 
     </span>
     <span class='ocr_line' id='line_1_71' title="bbox 1429 1072 2471 1127; baseline 0 -15"><span class='ocrx_word' id='word_1_588' title='bbox 1429 1083 1518 1114; x_wconf 89' lang='lat' dir='ltr'><strong>stot.</strong></span> <span class='ocrx_word' id='word_1_589' title='bbox 1534 1075 1703 1126; x_wconf 86' lang='lat' dir='ltr'><strong>Metaph.</strong></span> <span class='ocrx_word' id='word_1_590' title='bbox 1720 1073 1868 1121; x_wconf 87' lang='grc' dir='ltr'>Παιήων</span> <span class='ocrx_word' id='word_1_591' title='bbox 1886 1073 1908 1120; x_wconf 85' lang='grc' dir='ltr'>ἢ</span> <span class='ocrx_word' id='word_1_592' title='bbox 1931 1073 2060 1127; x_wconf 83' lang='grc' dir='ltr'>Σωτὴρ</span> <span class='ocrx_word' id='word_1_593' title='bbox 2077 1073 2285 1122; x_wconf 82' lang='grc' dir='ltr'>Ἀσκληπιὸς</span> <span class='ocrx_word' id='word_1_594' title='bbox 2297 1072 2360 1120; x_wconf 77' lang='grc' dir='ltr'><strong>τὴν</strong></span> <span class='ocrx_word' id='word_1_595' title='bbox 2377 1072 2471 1112; x_wconf 81' lang='grc' dir='ltr'>θείαν</span> 
     </span>
     <span class='ocr_line' id='line_1_72' title="bbox 1430 1127 2469 1206; baseline -0.001 -34"><span class='ocrx_word' id='word_1_596' title='bbox 1430 1133 1520 1186; x_wconf 81' lang='grc' dir='ltr'>ἔχων</span> <span class='ocrx_word' id='word_1_597' title='bbox 1537 1134 1720 1187; x_wconf 77' lang='grc' dir='ltr'>ἰατρικήν,</span> <span class='ocrx_word' id='word_1_598' title='bbox 1740 1133 1782 1172; x_wconf 84' lang='grc' dir='ltr'><strong>δι’</strong></span> <span class='ocrx_word' id='word_1_599' title='bbox 1798 1127 1838 1180; x_wconf 69' lang='grc' dir='ltr'>ἧς</span> <span class='ocrx_word' id='word_1_600' title='bbox 1858 1136 1944 1177; x_wconf 87' lang='grc' dir='ltr'>θεοῖς</span> <span class='ocrx_word' id='word_1_601' title='bbox 1960 1148 1995 1171; x_wconf 86' lang='grc' dir='ltr'><strong>τε</strong></span> <span class='ocrx_word' id='word_1_602' title='bbox 2015 1132 2075 1172; x_wconf 76' lang='grc' dir='ltr'><strong>καὶ</strong></span> <span class='ocrx_word' id='word_1_603' title='bbox 2093 1135 2231 1203; x_wconf 53' lang='lat' dir='ltr'><strong>”l‘uxss‘fi</strong></span> <span class='ocrx_word' id='word_1_604' title='bbox 2237 1132 2298 1172; x_wconf 82' lang='grc' dir='ltr'><strong>καὶ</strong></span> <span class='ocrx_word' id='word_1_605' title='bbox 2313 1131 2469 1206; x_wconf 82' lang='grc' dir='ltr'>σώμασι,</span> 
     </span>
     <span class='ocr_line' id='line_1_73' title="bbox 1429 1183 2469 1244; baseline 0.001 -15"><span class='ocrx_word' id='word_1_606' title='bbox 1429 1192 1499 1234; x_wconf 80' lang='grc' dir='ltr'>τοῖς</span> <span class='ocrx_word' id='word_1_607' title='bbox 1529 1191 1591 1242; x_wconf 88' lang='grc' dir='ltr'><strong>μὲν</strong></span> <span class='ocrx_word' id='word_1_608' title='bbox 1615 1191 1669 1230; x_wconf 85' lang='grc' dir='ltr'><strong>ἀει</strong></span> <span class='ocrx_word' id='word_1_609' title='bbox 1699 1191 1738 1229; x_wconf 86' lang='grc' dir='ltr'><strong>τὸ</strong></span> <span class='ocrx_word' id='word_1_610' title='bbox 1770 1206 1945 1244; x_wconf 91' lang='grc' dir='ltr'>προσηκον</span> <span class='ocrx_word' id='word_1_611' title='bbox 1967 1191 2157 1242; x_wconf 81' lang='grc' dir='ltr'>ἀπονέμει,</span> <span class='ocrx_word' id='word_1_612' title='bbox 2178 1195 2248 1236; x_wconf 86' lang='grc' dir='ltr'>τοῖς</span> <span class='ocrx_word' id='word_1_613' title='bbox 2272 1189 2308 1230; x_wconf 88' lang='grc' dir='ltr'><strong>δὲ</strong></span> <span class='ocrx_word' id='word_1_614' title='bbox 2335 1183 2469 1230; x_wconf 49' lang='grc' dir='ltr'>ὅτανῗ</span> <span class='ocrx_word' id='word_1_615' title='bbox 2445 1206 2467 1242; x_wconf 90' lang='grc' dir='ltr'>ῃ</span> 
     </span>
     <span class='ocr_line' id='line_1_74' title="bbox 1428 1247 2470 1303; baseline 0.001 -16"><span class='ocrx_word' id='word_1_616' title='bbox 1428 1249 1559 1287; x_wconf 84' lang='grc' dir='ltr'>δεκτόν.</span> <span class='ocrx_word' id='word_1_617' title='bbox 1575 1271 1628 1279; x_wconf 92' lang='lat'>—</span> <span class='ocrx_word' id='word_1_618' title='bbox 1643 1257 1660 1276; x_wconf 81' lang='lat'>¹</span> <span class='ocrx_word' id='word_1_619' title='bbox 1680 1247 1741 1296; x_wconf 85' lang='grc' dir='ltr'><strong>τὴν</strong></span> <span class='ocrx_word' id='word_1_620' title='bbox 1763 1248 1897 1301; x_wconf 76' lang='grc' dir='ltr'>Κρόνου</span> <span class='ocrx_word' id='word_1_621' title='bbox 1914 1248 1951 1288; x_wconf 82' lang='grc' dir='ltr'><strong>δὲ</strong></span> <span class='ocrx_word' id='word_1_622' title='bbox 1967 1250 2131 1303; x_wconf 87' lang='grc' dir='ltr'>Δήμητρι</span> <span class='ocrx_word' id='word_1_623' title='bbox 2148 1250 2261 1289; x_wconf 79' lang='grc' dir='ltr'>δοτέον</span> <span class='ocrx_word' id='word_1_624' title='bbox 2275 1248 2289 1303; x_wconf 95' lang='grc'>]</span> <span class='ocrx_word' id='word_1_625' title='bbox 2307 1249 2470 1289; x_wconf 81' lang='lat' dir='ltr'><strong>Procius</strong></span> 
     </span>
     <span class='ocr_line' id='line_1_75' title="bbox 1429 1307 2471 1362; baseline 0 -16"><span class='ocrx_word' id='word_1_626' title='bbox 1429 1308 1544 1347; x_wconf 86' lang='lat' dir='ltr'><strong>theol.</strong></span> <span class='ocrx_word' id='word_1_627' title='bbox 1574 1309 1677 1348; x_wconf 86' lang='lat' dir='ltr'><strong>Plat.</strong></span> <span class='ocrx_word' id='word_1_628' title='bbox 1704 1308 1735 1344; x_wconf 89' lang='lat' dir='ltr'>V</span> <span class='ocrx_word' id='word_1_629' title='bbox 1754 1323 1796 1360; x_wconf 90' lang='lat' dir='ltr'><strong>p.</strong></span> <span class='ocrx_word' id='word_1_630' title='bbox 1822 1311 1896 1357; x_wconf 88' lang='lat'><strong>267</strong></span> <span class='ocrx_word' id='word_1_631' title='bbox 1925 1309 2002 1347; x_wconf 89' lang='grc' dir='ltr'>κατ’</span> <span class='ocrx_word' id='word_1_632' title='bbox 2023 1307 2158 1362; x_wconf 78' lang='grc' dir='ltr'>Ορφέα</span> <span class='ocrx_word' id='word_1_633' title='bbox 2183 1310 2234 1361; x_wconf 75' lang='grc' dir='ltr'><strong>τῷ</strong></span> <span class='ocrx_word' id='word_1_634' title='bbox 2254 1307 2317 1360; x_wconf 77' lang='grc' dir='ltr'><strong>μὲν</strong></span> <span class='ocrx_word' id='word_1_635' title='bbox 2345 1307 2471 1362; x_wconf 86' lang='grc' dir='ltr'>Κρόνῳ</span> 
     </span>
     <span class='ocr_line' id='line_1_76' title="bbox 1429 1365 2528 1419; baseline 0.002 -15"><span class='ocrx_word' id='word_1_636' title='bbox 1429 1369 1577 1405; x_wconf 79' lang='grc' dir='ltr'>συνοῦσα</span> <span class='ocrx_word' id='word_1_637' title='bbox 1612 1365 1698 1406; x_wconf 82' lang='grc' dir='ltr'><strong>Ῥέα</strong></span> <span class='ocrx_word' id='word_1_638' title='bbox 1718 1367 1898 1414; x_wconf 86' lang='grc' dir='ltr'>καλεῖται,</span> <span class='ocrx_word' id='word_1_639' title='bbox 1928 1366 1985 1404; x_wconf 85' lang='grc' dir='ltr'><strong>τὸν</strong></span> <span class='ocrx_word' id='word_1_640' title='bbox 2017 1365 2053 1404; x_wconf 83' lang='grc' dir='ltr'><strong>δὲ</strong></span> <span class='ocrx_word' id='word_1_641' title='bbox 2081 1365 2150 1405; x_wconf 90' lang='grc' dir='ltr'><strong>Δία</strong></span> <span class='ocrx_word' id='word_1_642' title='bbox 2180 1366 2387 1419; x_wconf 84' lang='grc' dir='ltr'>παράγουσα</span> <span class='ocrx_word' id='word_1_643' title='bbox 2410 1366 2491 1418; x_wconf 25' lang='grc' dir='ltr'>καὶ,</span> <span class='ocrx_word' id='word_1_644' title='bbox 2508 1387 2510 1395; x_wconf 40' lang='lat'>⁸</span> <span class='ocrx_word' id='word_1_645' title='bbox 2526 1398 2528 1414; x_wconf 56' lang='lat'>3</span> 
     </span>
     <span class='ocr_line' id='line_1_77' title="bbox 1430 1420 2528 1478; baseline 0.001 -15"><span class='ocrx_word' id='word_1_646' title='bbox 1430 1424 1518 1475; x_wconf 75' lang='grc' dir='ltr'>μετὰ</span> <span class='ocrx_word' id='word_1_647' title='bbox 1532 1424 1611 1469; x_wconf 81' lang='grc' dir='ltr'>Διὸς</span> <span class='ocrx_word' id='word_1_648' title='bbox 1629 1423 1844 1478; x_wconf 81' lang='grc' dir='ltr'>ἐμφαίνουσα</span> <span class='ocrx_word' id='word_1_649' title='bbox 1855 1454 1866 1473; x_wconf 92' lang='grc'>,</span> <span class='ocrx_word' id='word_1_650' title='bbox 1880 1425 1957 1469; x_wconf 84' lang='grc' dir='ltr'>τούς</span> <span class='ocrx_word' id='word_1_651' title='bbox 1972 1441 2009 1464; x_wconf 89' lang='grc' dir='ltr'><strong>τε</strong></span> <span class='ocrx_word' id='word_1_652' title='bbox 2029 1424 2127 1469; x_wconf 78' lang='grc' dir='ltr'>ὅλους</span> <span class='ocrx_word' id='word_1_653' title='bbox 2141 1424 2201 1464; x_wconf 85' lang='grc' dir='ltr'><strong>καὶ</strong></span> <span class='ocrx_word' id='word_1_654' title='bbox 2215 1423 2300 1469; x_wconf 80' lang='grc' dir='ltr'>τοὺς·</span> <span class='ocrx_word' id='word_1_655' title='bbox 2311 1425 2472 1478; x_wconf 83' lang='grc' dir='ltr'>μερικοὺς</span> <span class='ocrx_word' id='word_1_656' title='bbox 2499 1420 2502 1422; x_wconf 44' lang='grc'><strong>’</strong></span> <span class='ocrx_word' id='word_1_657' title='bbox 2524 1427 2528 1430; x_wconf 74' lang='grc'><em>”</em></span> 
     </span>
     <span class='ocr_line' id='line_1_78' title="bbox 1430 1483 2467 1538; baseline 0.002 -16"><span class='ocrx_word' id='word_1_658' title='bbox 1430 1483 1637 1536; x_wconf 83' lang='grc' dir='ltr'>διακόσμους</span> <span class='ocrx_word' id='word_1_659' title='bbox 1655 1486 1723 1522; x_wconf 81' lang='grc' dir='ltr'><strong>τῶν</strong></span> <span class='ocrx_word' id='word_1_660' title='bbox 1743 1487 1829 1523; x_wconf 82' lang='grc' dir='ltr'>θεῶν</span> <span class='ocrx_word' id='word_1_661' title='bbox 1843 1513 1854 1532; x_wconf 90' lang='grc'>,</span> <span class='ocrx_word' id='word_1_662' title='bbox 1872 1483 2062 1538; x_wconf 85' lang='grc' dir='ltr'>Δημήτηρ.</span> <span class='ocrx_word' id='word_1_663' title='bbox 2082 1483 2143 1524; x_wconf 86' lang='lat' dir='ltr'><strong>Cf.</strong></span> <span class='ocrx_word' id='word_1_664' title='bbox 2161 1487 2202 1523; x_wconf 90' lang='lat' dir='ltr'><strong>in</strong></span> <span class='ocrx_word' id='word_1_665' title='bbox 2217 1483 2366 1536; x_wconf 81' lang='lat' dir='ltr'><strong>Cratyl.</strong></span> <span class='ocrx_word' id='word_1_666' title='bbox 2382 1498 2467 1537; x_wconf 81' lang='lat' dir='ltr'><strong>cap.</strong></span> 
     </span>
     <span class='ocr_line' id='line_1_79' title="bbox 1433 1543 1914 1595; baseline 0.004 -15"><span class='ocrx_word' id='word_1_667' title='bbox 1433 1544 1505 1581; x_wconf 81' lang='lat'><strong>166</strong></span> <span class='ocrx_word' id='word_1_668' title='bbox 1528 1558 1569 1595; x_wconf 87' lang='lat' dir='ltr'><strong>p.</strong></span> <span class='ocrx_word' id='word_1_669' title='bbox 1586 1545 1636 1593; x_wconf 89' lang='lat'><strong>96</strong></span> <span class='ocrx_word' id='word_1_670' title='bbox 1659 1543 1914 1594; x_wconf 86' lang='lat' dir='ltr'><strong>Boissonad.)</strong></span> 
     </span>
    </p>
   </div>
   <div class='ocr_carea' id='block_1_14' title="bbox 1553 1653 2340 1795">
    <p class='ocr_par' dir='ltr' id='par_1_15' title="bbox 1553 1653 2328 1795">
     <span class='ocr_line' id='line_1_80' title="bbox 1867 1653 2029 1705; baseline 0.006 -13"><span class='ocrx_word' id='word_1_671' title='bbox 1867 1655 1956 1705; x_wconf 85' lang='grc' dir='ltr'>Κεφ.</span> <span class='ocrx_word' id='word_1_672' title='bbox 1987 1653 2029 1698; x_wconf 82' lang='grc' dir='ltr'><strong>ζ’,</strong></span> 
     </span>
     <span class='ocr_line' id='line_1_81' title="bbox 1553 1753 2340 1795; baseline 0.008 -11"><span class='ocrx_word' id='word_1_673' title='bbox 1553 1755 1627 1794; x_wconf 87' lang='grc' dir='ltr'>Περὶ</span> <span class='ocrx_word' id='word_1_674' title='bbox 1654 1757 1706 1791; x_wconf 78' lang='grc' dir='ltr'><strong>τῆς</strong></span> <span class='ocrx_word' id='word_1_675' title='bbox 1725 1754 1845 1794; x_wconf 80' lang='grc' dir='ltr'>φύσεως</span> <span class='ocrx_word' id='word_1_676' title='bbox 1863 1757 1918 1785; x_wconf 82' lang='grc' dir='ltr'><strong>τοῦ</strong></span> <span class='ocrx_word' id='word_1_677' title='bbox 1940 1753 2025 1795; x_wconf 82' lang='grc' dir='ltr'><strong>κόσμ</strong></span> <span class='ocrx_word' id='word_1_678' title='bbox 2026 1765 2063 1786; x_wconf 87' lang='grc' dir='ltr'><strong>ου</strong></span> <span class='ocrx_word' id='word_1_679' title='bbox 2081 1755 2136 1787; x_wconf 80' lang='grc' dir='ltr'><strong>καὶ</strong></span> <span class='ocrx_word' id='word_1_680' title='bbox 2155 1755 2340 1795; x_wconf 77' lang='grc' dir='ltr'>ἀῐδιότητος.</span> 
     </span>
    </p>
   </div>
   <div class='ocr_carea' id='block_1_15' title="bbox 1482 1840 2461 1895">
    <p class='ocr_par' dir='ltr' id='par_1_16' title="bbox 1482 1840 2528 1896">
     <span class='ocr_line' id='line_1_82' title="bbox 1482 1840 2461 1895; baseline 0.006 -17"><span class='ocrx_word' id='word_1_681' title='bbox 1482 1840 1593 1878; x_wconf 83' lang='grc' dir='ltr'>Αὐτὸν</span> <span class='ocrx_word' id='word_1_682' title='bbox 1625 1841 1661 1878; x_wconf 81' lang='grc' dir='ltr'><strong>δὲ</strong></span> <span class='ocrx_word' id='word_1_683' title='bbox 1692 1841 1748 1879; x_wconf 81' lang='grc' dir='ltr'><strong>τὸν</strong></span> <span class='ocrx_word' id='word_1_684' title='bbox 1777 1840 1907 1892; x_wconf 88' lang='grc' dir='ltr'>κόσμον</span> <span class='ocrx_word' id='word_1_685' title='bbox 1937 1841 2109 1895; x_wconf 81' lang='grc' dir='ltr'>ἅφθαρτόν</span> <span class='ocrx_word' id='word_1_686' title='bbox 2135 1858 2174 1881; x_wconf 87' lang='grc' dir='ltr'><strong>τε</strong></span> <span class='ocrx_word' id='word_1_687' title='bbox 2194 1858 2254 1882; x_wconf 89' lang='grc' dir='ltr'><strong>και</strong></span> <span class='ocrx_word' id='word_1_688' title='bbox 2275 1843 2461 1895; x_wconf 83' lang='grc' dir='ltr'>ἀγέννητον</span> 
     </span>
    </p>
   </div>
   <div class='ocr_carea' id='block_1_16' title="bbox 1427 1890 2528 1951">
    <p class='ocr_par' dir='ltr' id='par_1_17' title="bbox 1427 1890 2528 1951">
     <span class='ocr_line' id='line_1_83' title="bbox 1427 1890 2528 1951; baseline 0.006 -15"><span class='ocrx_word' id='word_1_689' title='bbox 1427 1890 1517 1936; x_wconf 78' lang='grc' dir='ltr'>εἶναι</span> <span class='ocrx_word' id='word_1_690' title='bbox 1551 1899 1700 1948; x_wconf 85' lang='grc' dir='ltr'>ἀνάγκη.</span> <span class='ocrx_word' id='word_1_691' title='bbox 1735 1899 1929 1951; x_wconf 88' lang='grc' dir='ltr'>Ἄφθαρτον</span> <span class='ocrx_word' id='word_1_692' title='bbox 1966 1900 2048 1950; x_wconf 83' lang='grc' dir='ltr'>μέν,</span> <span class='ocrx_word' id='word_1_693' title='bbox 2079 1899 2132 1939; x_wconf 79' lang='grc' dir='ltr'><strong>ὅτι</strong></span> <span class='ocrx_word' id='word_1_694' title='bbox 2155 1902 2217 1940; x_wconf 69' lang='grc' dir='ltr'><strong>οὐκ</strong></span> <span class='ocrx_word' id='word_1_695' title='bbox 2242 1900 2315 1940; x_wconf 87' lang='grc' dir='ltr'>ἔστι</span> <span class='ocrx_word' id='word_1_696' title='bbox 2348 1902 2467 1942; x_wconf 78' lang='grc' dir='ltr'>τούτου</span> <span class='ocrx_word' id='word_1_697' title='bbox 2525 1938 2528 1943; x_wconf 92' lang='grc'><strong>.</strong></span> 
     </span>
    </p>
   </div>
   <div class='ocr_carea' id='block_1_17' title="bbox 1423 1955 2528 2715">
    <p class='ocr_par' dir='ltr' id='par_1_18' title="bbox 1423 1955 2528 2715">
     <span class='ocr_line' id='line_1_84' title="bbox 1426 1955 2528 2011; baseline 0.004 -16"><span class='ocrx_word' id='word_1_698' title='bbox 1426 1955 1612 2010; x_wconf 80' lang='grc' dir='ltr'>φθαρέντος</span> <span class='ocrx_word' id='word_1_699' title='bbox 1641 1957 1662 2004; x_wconf 86' lang='grc' dir='ltr'>ἢ</span> <span class='ocrx_word' id='word_1_700' title='bbox 1689 1958 1829 2011; x_wconf 86' lang='grc' dir='ltr'>χείρονα</span> <span class='ocrx_word' id='word_1_701' title='bbox 1849 1957 1870 2004; x_wconf 79' lang='grc' dir='ltr'>ἢ</span> <span class='ocrx_word' id='word_1_702' title='bbox 1891 1958 2071 2010; x_wconf 88' lang='grc' dir='ltr'>κρείττονα</span> <span class='ocrx_word' id='word_1_703' title='bbox 2098 1961 2264 2010; x_wconf 80' lang='grc' dir='ltr'>ποιῆσαι,</span> <span class='ocrx_word' id='word_1_704' title='bbox 2284 1959 2307 2007; x_wconf 83' lang='grc' dir='ltr'>ἢ</span> <span class='ocrx_word' id='word_1_705' title='bbox 2326 1959 2384 1999; x_wconf 80' lang='grc' dir='ltr'><strong>τὸν</strong></span> <span class='ocrx_word' id='word_1_706' title='bbox 2405 1962 2468 1998; x_wconf 83' lang='grc' dir='ltr'><strong>αὖ·</strong></span> <span class='ocrx_word' id='word_1_707' title='bbox 2521 1996 2528 2008; x_wconf 64' lang='grc'><strong>,</strong></span> 
     </span>
     <span class='ocr_line' id='line_1_85' title="bbox 1426 2013 2528 2069; baseline 0.003 -16"><span class='ocrx_word' id='word_1_708' title='bbox 1426 2016 1508 2063; x_wconf 83' lang='grc' dir='ltr'>τόν,</span> <span class='ocrx_word' id='word_1_709' title='bbox 1539 2013 1564 2062; x_wconf 78' lang='grc' dir='ltr'>ἢ</span> <span class='ocrx_word' id='word_1_710' title='bbox 1587 2016 1775 2067; x_wconf 83' lang='grc' dir='ltr'>ἀκοσμίαν.</span> <span class='ocrx_word' id='word_1_711' title='bbox 1799 2017 1892 2056; x_wconf 90' lang='grc' dir='ltr'>Ἀ’λλ</span> <span class='ocrx_word' id='word_1_712' title='bbox 1917 2018 1946 2055; x_wconf 89' lang='grc' dir='ltr'>εἷ</span> <span class='ocrx_word' id='word_1_713' title='bbox 1979 2015 2042 2068; x_wconf 82' lang='grc' dir='ltr'><strong>μὲν</strong></span> <span class='ocrx_word' id='word_1_714' title='bbox 2071 2016 2234 2069; x_wconf 81' lang='grc' dir='ltr'>χείρονα,</span> <span class='ocrx_word' id='word_1_715' title='bbox 2254 2018 2361 2062; x_wconf 81' lang='grc' dir='ltr'>κακὸς</span> <span class='ocrx_word' id='word_1_716' title='bbox 2388 2021 2406 2057; x_wconf 83' lang='grc' dir='ltr'><strong>δ</strong></span> <span class='ocrx_word' id='word_1_717' title='bbox 2428 2019 2469 2056; x_wconf 79' lang='grc' dir='ltr'>ἐκ</span> <span class='ocrx_word' id='word_1_718' title='bbox 2525 2020 2528 2021; x_wconf 52' lang='grc'>’</span> 
     </span>
     <span class='ocr_line' id='line_1_86' title="bbox 1426 2070 2528 2128; baseline 0.005 -16"><span class='ocrx_word' id='word_1_719' title='bbox 1426 2073 1616 2126; x_wconf 86' lang='grc' dir='ltr'>κρείττονος</span> <span class='ocrx_word' id='word_1_720' title='bbox 1636 2079 1752 2128; x_wconf 81' lang='grc' dir='ltr'>χεῖρον</span> <span class='ocrx_word' id='word_1_721' title='bbox 1783 2077 1910 2114; x_wconf 81' lang='grc' dir='ltr'>ποιῶν·</span> <span class='ocrx_word' id='word_1_722' title='bbox 1937 2076 1966 2113; x_wconf 87' lang='grc' dir='ltr'>εἷ</span> <span class='ocrx_word' id='word_1_723' title='bbox 1987 2074 2023 2113; x_wconf 83' lang='grc' dir='ltr'><strong>δὲ</strong></span> <span class='ocrx_word' id='word_1_724' title='bbox 2045 2074 2246 2127; x_wconf 85' lang='grc' dir='ltr'>κρείττονα,</span> <span class='ocrx_word' id='word_1_725' title='bbox 2267 2075 2433 2123; x_wconf 84' lang='grc' dir='ltr'>ἀδύνατος</span> <span class='ocrx_word' id='word_1_726' title='bbox 2451 2080 2468 2116; x_wconf 83' lang='grc' dir='ltr'><strong>ὁ</strong></span> <span class='ocrx_word' id='word_1_727' title='bbox 2523 2070 2528 2082; x_wconf 54' lang='lat'>⁵</span> 
     </span>
     <span class='ocr_line' id='line_1_87' title="bbox 1429 2132 2463 2189; baseline 0.005 -19"><span class='ocrx_word' id='word_1_728' title='bbox 1429 2132 1476 2184; x_wconf 89' lang='grc' dir='ltr'><strong>μὴ</strong></span> <span class='ocrx_word' id='word_1_729' title='bbox 1497 2132 1561 2180; x_wconf 87' lang='grc' dir='ltr'><strong>τὴν</strong></span> <span class='ocrx_word' id='word_1_730' title='bbox 1580 2133 1692 2185; x_wconf 74' lang='grc' dir='ltr'>ἀρχὴν</span> <span class='ocrx_word' id='word_1_731' title='bbox 1715 2132 1754 2171; x_wconf 83' lang='grc' dir='ltr'><strong>τὸ</strong></span> <span class='ocrx_word' id='word_1_732' title='bbox 1783 2139 1938 2186; x_wconf 85' lang='grc' dir='ltr'>κρεῖττον</span> <span class='ocrx_word' id='word_1_733' title='bbox 1960 2132 2127 2180; x_wconf 80' lang='grc' dir='ltr'>ποιήσας·</span> <span class='ocrx_word' id='word_1_734' title='bbox 2147 2134 2177 2172; x_wconf 89' lang='grc' dir='ltr'>εἷ</span> <span class='ocrx_word' id='word_1_735' title='bbox 2195 2134 2232 2172; x_wconf 84' lang='grc' dir='ltr'><strong>δὲ</strong></span> <span class='ocrx_word' id='word_1_736' title='bbox 2251 2132 2309 2174; x_wconf 75' lang='grc' dir='ltr'><strong>τὸν</strong></span> <span class='ocrx_word' id='word_1_737' title='bbox 2333 2136 2434 2175; x_wconf 82' lang='grc' dir='ltr'>αὐτόν</span> <span class='ocrx_word' id='word_1_738' title='bbox 2449 2165 2463 2189; x_wconf 83' lang='lat'>,</span> 
     </span>
     <span class='ocr_line' id='line_1_88' title="bbox 1429 2190 2528 2242; baseline 0.005 -14"><span class='ocrx_word' id='word_1_739' title='bbox 1429 2191 1545 2242; x_wconf 80' lang='grc' dir='ltr'>μάτην</span> <span class='ocrx_word' id='word_1_740' title='bbox 1576 2191 1735 2238; x_wconf 83' lang='grc' dir='ltr'>ποιήσει·</span> <span class='ocrx_word' id='word_1_741' title='bbox 1763 2193 1792 2229; x_wconf 86' lang='grc' dir='ltr'>εἷ</span> <span class='ocrx_word' id='word_1_742' title='bbox 1824 2191 1860 2230; x_wconf 86' lang='grc' dir='ltr'><strong>δὲ</strong></span> <span class='ocrx_word' id='word_1_743' title='bbox 1891 2190 2087 2242; x_wconf 86' lang='grc' dir='ltr'>ἀκοσμίαν,</span> <span class='ocrx_word' id='word_1_744' title='bbox 2115 2191 2192 2230; x_wconf 82' lang='grc' dir='ltr'>ἀλλ’</span> <span class='ocrx_word' id='word_1_745' title='bbox 2219 2192 2297 2231; x_wconf 84' lang='grc' dir='ltr'>οὔδὲ</span> <span class='ocrx_word' id='word_1_746' title='bbox 2328 2193 2465 2242; x_wconf 75' lang='grc' dir='ltr'>ἀκούειν</span> <span class='ocrx_word' id='word_1_747' title='bbox 2521 2191 2528 2222; x_wconf 65' lang='lat'><em>3</em></span> 
     </span>
     <span class='ocr_line' id='line_1_89' title="bbox 1423 2248 1695 2301; baseline 0.004 -13"><span class='ocrx_word' id='word_1_748' title='bbox 1423 2248 1526 2288; x_wconf 73' lang='grc' dir='ltr'>τοῦτό</span> <span class='ocrx_word' id='word_1_749' title='bbox 1535 2265 1575 2301; x_wconf 90' lang='grc' dir='ltr'>γε</span> <span class='ocrx_word' id='word_1_750' title='bbox 1588 2248 1695 2299; x_wconf 77' lang='grc' dir='ltr'>θέμις.</span> 
     </span>
     <span class='ocr_line' id='line_1_90' title="bbox 1425 2306 2523 2360; baseline 0.003 -14"><span class='ocrx_word' id='word_1_751' title='bbox 1425 2310 1456 2346; x_wconf 85' lang='grc' dir='ltr'>εἷ</span> <span class='ocrx_word' id='word_1_752' title='bbox 1475 2307 1543 2360; x_wconf 85' lang='grc' dir='ltr'><strong>γὰρ</strong></span> <span class='ocrx_word' id='word_1_753' title='bbox 1575 2307 1624 2359; x_wconf 88' lang='grc' dir='ltr'><strong>μὴ</strong></span> <span class='ocrx_word' id='word_1_754' title='bbox 1647 2307 1841 2360; x_wconf 84' lang='grc' dir='ltr'>φθείρεται,</span> <span class='ocrx_word' id='word_1_755' title='bbox 1863 2306 1938 2346; x_wconf 79' lang='grc' dir='ltr'>οὐδὲ</span> <span class='ocrx_word' id='word_1_756' title='bbox 1968 2307 2106 2359; x_wconf 80' lang='grc' dir='ltr'>γέγονεν</span> <span class='ocrx_word' id='word_1_757' title='bbox 2128 2311 2163 2332; x_wconf 80' lang='lat'><strong>⁸·</strong></span> <span class='ocrx_word' id='word_1_758' title='bbox 2192 2308 2311 2356; x_wconf 80' lang='grc' dir='ltr'>ἐπειδὴ</span> <span class='ocrx_word' id='word_1_759' title='bbox 2331 2315 2400 2348; x_wconf 81' lang='grc' dir='ltr'><strong>πᾶν</strong></span> <span class='ocrx_word' id='word_1_760' title='bbox 2427 2310 2466 2349; x_wconf 91' lang='grc' dir='ltr'><strong>τὸ</strong></span> <span class='ocrx_word' id='word_1_761' title='bbox 2519 2331 2523 2333; x_wconf 87' lang='grc'>-</span> 
     </span>
     <span class='ocr_line' id='line_1_91' title="bbox 1423 2364 2464 2421; baseline 0.001 -15"><span class='ocrx_word' id='word_1_762' title='bbox 1423 2368 1599 2421; x_wconf 84' lang='grc' dir='ltr'>γινόμενον</span> <span class='ocrx_word' id='word_1_763' title='bbox 1621 2366 1815 2420; x_wconf 86' lang='grc' dir='ltr'>φθείρεται,</span> <span class='ocrx_word' id='word_1_764' title='bbox 1836 2365 1895 2405; x_wconf 85' lang='grc' dir='ltr'><strong>καὶ</strong></span> <span class='ocrx_word' id='word_1_765' title='bbox 1913 2364 1967 2405; x_wconf 78' lang='grc' dir='ltr'><strong>ὅτι</strong></span> <span class='ocrx_word' id='word_1_766' title='bbox 1993 2366 2128 2417; x_wconf 84' lang='grc' dir='ltr'>ἀνάγκη</span> <span class='ocrx_word' id='word_1_767' title='bbox 2148 2365 2205 2405; x_wconf 79' lang='grc' dir='ltr'><strong>διὰ</strong></span> <span class='ocrx_word' id='word_1_768' title='bbox 2223 2366 2286 2414; x_wconf 79' lang='grc' dir='ltr'><strong>τὴν</strong></span> <span class='ocrx_word' id='word_1_769' title='bbox 2306 2382 2364 2406; x_wconf 87' lang='grc' dir='ltr'><strong>του</strong></span> <span class='ocrx_word' id='word_1_770' title='bbox 2386 2370 2464 2408; x_wconf 84' lang='grc' dir='ltr'>θεον</span> 
     </span>
     <span class='ocr_line' id='line_1_92' title="bbox 1424 2418 2520 2478; baseline 0.003 -14"><span class='ocrx_word' id='word_1_771' title='bbox 1424 2427 1623 2477; x_wconf 86' lang='grc' dir='ltr'>ἀγαθότητα</span> <span class='ocrx_word' id='word_1_772' title='bbox 1644 2425 1739 2469; x_wconf 85' lang='grc' dir='ltr'>ὄντος</span> <span class='ocrx_word' id='word_1_773' title='bbox 1756 2430 1816 2464; x_wconf 80' lang='grc' dir='ltr'><strong>τοῦ</strong></span> <span class='ocrx_word' id='word_1_774' title='bbox 1845 2418 1978 2475; x_wconf 81' lang='grc' dir='ltr'>κόσμου</span> <span class='ocrx_word' id='word_1_775' title='bbox 2012 2423 2065 2463; x_wconf 86' lang='grc' dir='ltr'><strong>ἀεί</strong></span> <span class='ocrx_word' id='word_1_776' title='bbox 2091 2441 2127 2463; x_wconf 85' lang='grc' dir='ltr'><strong>τε</strong></span> <span class='ocrx_word' id='word_1_777' title='bbox 2152 2441 2211 2464; x_wconf 88' lang='grc' dir='ltr'><strong>τον</strong></span> <span class='ocrx_word' id='word_1_778' title='bbox 2233 2425 2308 2465; x_wconf 82' lang='grc' dir='ltr'>θεον</span> <span class='ocrx_word' id='word_1_779' title='bbox 2336 2427 2464 2478; x_wconf 79' lang='grc' dir='ltr'>ἀγαθὸν</span> <span class='ocrx_word' id='word_1_780' title='bbox 2517 2455 2520 2469; x_wconf 70' lang='grc'>;</span> 
     </span>
     <span class='ocr_line' id='line_1_93' title="bbox 1425 2479 2509 2539; baseline 0.003 -17"><span class='ocrx_word' id='word_1_781' title='bbox 1425 2479 1513 2524; x_wconf 69' lang='grc' dir='ltr'>εἶναι</span> <span class='ocrx_word' id='word_1_782' title='bbox 1532 2484 1592 2524; x_wconf 80' lang='grc' dir='ltr'><strong>καὶ</strong></span> <span class='ocrx_word' id='word_1_783' title='bbox 1611 2483 1669 2522; x_wconf 82' lang='grc' dir='ltr'><strong>τὸν</strong></span> <span class='ocrx_word' id='word_1_784' title='bbox 1687 2483 1816 2534; x_wconf 89' lang='grc' dir='ltr'>κόσμον</span> <span class='ocrx_word' id='word_1_785' title='bbox 1832 2483 1999 2537; x_wconf 79' lang='grc' dir='ltr'>ὑπάρχειν</span> <span class='ocrx_word' id='word_1_786' title='bbox 2015 2484 2051 2509; x_wconf 76' lang='lat'><strong>¹²·</strong></span> <span class='ocrx_word' id='word_1_787' title='bbox 2066 2482 2186 2537; x_wconf 81' lang='grc' dir='ltr'>ὥσπερ</span> <span class='ocrx_word' id='word_1_788' title='bbox 2205 2484 2294 2539; x_wconf 84' lang='grc' dir='ltr'>ἡλίῳ</span> <span class='ocrx_word' id='word_1_789' title='bbox 2314 2485 2377 2536; x_wconf 85' lang='grc' dir='ltr'><strong>μὲν</strong></span> <span class='ocrx_word' id='word_1_790' title='bbox 2404 2486 2465 2526; x_wconf 79' lang='grc' dir='ltr'><strong>καὶ</strong></span> <span class='ocrx_word' id='word_1_791' title='bbox 2508 2512 2509 2515; x_wconf 63' lang='lat'><em>=</em></span> 
     </span>
     <span class='ocr_line' id='line_1_94' title="bbox 1424 2524 2523 2597; baseline 0.001 -14"><span class='ocrx_word' id='word_1_792' title='bbox 1424 2545 1507 2597; x_wconf 80' lang='grc' dir='ltr'>πυρὶ</span> <span class='ocrx_word' id='word_1_793' title='bbox 1522 2543 1772 2596; x_wconf 84' lang='grc' dir='ltr'>συνυφίσταται</span> <span class='ocrx_word' id='word_1_794' title='bbox 1791 2545 1862 2594; x_wconf 81' lang='grc' dir='ltr'>φῶς</span> <span class='ocrx_word' id='word_1_795' title='bbox 1876 2555 1911 2591; x_wconf 81' lang='lat' dir='ltr'><strong>e,</strong></span> <span class='ocrx_word' id='word_1_796' title='bbox 1936 2542 2077 2594; x_wconf 85' lang='grc' dir='ltr'>σώματι</span> <span class='ocrx_word' id='word_1_797' title='bbox 2097 2543 2132 2582; x_wconf 80' lang='grc' dir='ltr'><strong>δὲ</strong></span> <span class='ocrx_word' id='word_1_798' title='bbox 2157 2544 2252 2583; x_wconf 88' lang='grc' dir='ltr'>σκιά.</span> <span class='ocrx_word' id='word_1_799' title='bbox 2266 2524 2347 2584; x_wconf 63' lang='grc' dir='ltr'>’Ϊῶν</span> <span class='ocrx_word' id='word_1_800' title='bbox 2367 2544 2403 2584; x_wconf 81' lang='grc' dir='ltr'><strong>δὲ</strong></span> <span class='ocrx_word' id='word_1_801' title='bbox 2426 2543 2461 2584; x_wconf 80' lang='grc' dir='ltr'><strong>ἐν</strong></span> <span class='ocrx_word' id='word_1_802' title='bbox 2506 2551 2523 2590; x_wconf 64' lang='lat' dir='ltr'><strong>J</strong></span> 
     </span>
     <span class='ocr_line' id='line_1_95' title="bbox 1424 2599 2522 2656; baseline 0.004 -17"><span class='ocrx_word' id='word_1_803' title='bbox 1424 2603 1473 2654; x_wconf 86' lang='grc' dir='ltr'><strong>τῷ</strong></span> <span class='ocrx_word' id='word_1_804' title='bbox 1499 2601 1622 2653; x_wconf 90' lang='grc' dir='ltr'>κόσμῳ</span> <span class='ocrx_word' id='word_1_805' title='bbox 1643 2601 1817 2652; x_wconf 83' lang='grc' dir='ltr'>σωμάτων</span> <span class='ocrx_word' id='word_1_806' title='bbox 1838 2599 1882 2638; x_wconf 88' lang='grc' dir='ltr'><strong>τὰ</strong></span> <span class='ocrx_word' id='word_1_807' title='bbox 1902 2600 1965 2651; x_wconf 86' lang='grc' dir='ltr'><strong>μὲν</strong></span> <span class='ocrx_word' id='word_1_808' title='bbox 1988 2605 2066 2640; x_wconf 80' lang='grc' dir='ltr'>νοῦν</span> <span class='ocrx_word' id='word_1_809' title='bbox 2085 2607 2245 2653; x_wconf 84' lang='grc' dir='ltr'>μιμεῖται</span> <span class='ocrx_word' id='word_1_810' title='bbox 2264 2603 2324 2642; x_wconf 79' lang='grc' dir='ltr'><strong>καὶ</strong></span> <span class='ocrx_word' id='word_1_811' title='bbox 2343 2602 2462 2656; x_wconf 78' lang='grc' dir='ltr'>κύκλῳ</span> <span class='ocrx_word' id='word_1_812' title='bbox 2520 2639 2522 2642; x_wconf 76' lang='grc'>,</span> 
     </span>
     <span class='ocr_line' id='line_1_96' title="bbox 1425 2659 2462 2715; baseline 0.004 -17"><span class='ocrx_word' id='word_1_813' title='bbox 1425 2660 1570 2699; x_wconf 80' lang='grc' dir='ltr'>κινεῖται</span> <span class='ocrx_word' id='word_1_814' title='bbox 1590 2659 1624 2709; x_wconf 74' lang='lat' dir='ltr'><strong>d,</strong></span> <span class='ocrx_word' id='word_1_815' title='bbox 1640 2659 1684 2698; x_wconf 85' lang='grc' dir='ltr'><strong>τὰ</strong></span> <span class='ocrx_word' id='word_1_816' title='bbox 1705 2659 1740 2698; x_wconf 83' lang='grc' dir='ltr'><strong>δὲ</strong></span> <span class='ocrx_word' id='word_1_817' title='bbox 1760 2659 1898 2712; x_wconf 82' lang='grc' dir='ltr'>ψυχήν,</span> <span class='ocrx_word' id='word_1_818' title='bbox 1916 2660 1976 2698; x_wconf 81' lang='grc' dir='ltr'><strong>καὶ</strong></span> <span class='ocrx_word' id='word_1_819' title='bbox 1996 2659 2050 2699; x_wconf 82' lang='grc' dir='ltr'><strong>ἐπ’</strong></span> <span class='ocrx_word' id='word_1_820' title='bbox 2067 2660 2216 2710; x_wconf 76' lang='grc' dir='ltr'>εὐθείας,</span> <span class='ocrx_word' id='word_1_821' title='bbox 2233 2665 2303 2715; x_wconf 77' lang='grc' dir='ltr'><strong>πῦρ</strong></span> <span class='ocrx_word' id='word_1_822' title='bbox 2321 2662 2383 2713; x_wconf 83' lang='grc' dir='ltr'><strong>μὲν</strong></span> <span class='ocrx_word' id='word_1_823' title='bbox 2401 2663 2462 2702; x_wconf 86' lang='grc' dir='ltr'><strong>καὶ</strong></span> 
     </span>
    </p>
   </div>
   <div class='ocr_carea' id='block_1_18' title="bbox 1424 2718 2521 2774">
    <p class='ocr_par' dir='ltr' id='par_1_19' title="bbox 1424 2713 2523 2774">
     <span class='ocr_line' id='line_1_97' title="bbox 1424 2718 2521 2774; baseline 0.003 -17"><span class='ocrx_word' id='word_1_824' title='bbox 1424 2719 1491 2771; x_wconf 80' lang='grc' dir='ltr'><strong>ἀὴρ</strong></span> <span class='ocrx_word' id='word_1_825' title='bbox 1505 2718 1599 2769; x_wconf 82' lang='grc' dir='ltr'>ἅνω,</span> <span class='ocrx_word' id='word_1_826' title='bbox 1619 2721 1664 2770; x_wconf 74' lang='grc' dir='ltr'><strong>γῆ</strong></span> <span class='ocrx_word' id='word_1_827' title='bbox 1681 2718 1716 2757; x_wconf 83' lang='grc' dir='ltr'><strong>δὲ</strong></span> <span class='ocrx_word' id='word_1_828' title='bbox 1733 2718 1793 2757; x_wconf 77' lang='grc' dir='ltr'><strong>καὶ</strong></span> <span class='ocrx_word' id='word_1_829' title='bbox 1812 2718 1903 2772; x_wconf 73' lang='grc' dir='ltr'>ὕδωρ</span> <span class='ocrx_word' id='word_1_830' title='bbox 1922 2719 2018 2758; x_wconf 86' lang='grc' dir='ltr'>κάτω</span> <span class='ocrx_word' id='word_1_831' title='bbox 2030 2734 2038 2743; x_wconf 90' lang='grc'><em>·</em></span> <span class='ocrx_word' id='word_1_832' title='bbox 2055 2721 2123 2758; x_wconf 84' lang='grc' dir='ltr'><strong>τῶν</strong></span> <span class='ocrx_word' id='word_1_833' title='bbox 2144 2719 2180 2758; x_wconf 78' lang='grc' dir='ltr'><strong>δὲ</strong></span> <span class='ocrx_word' id='word_1_834' title='bbox 2197 2719 2336 2774; x_wconf 83' lang='grc' dir='ltr'>κύκλῳ,</span> <span class='ocrx_word' id='word_1_835' title='bbox 2355 2723 2377 2769; x_wconf 84' lang='grc' dir='ltr'>ἡ</span> <span class='ocrx_word' id='word_1_836' title='bbox 2398 2719 2460 2772; x_wconf 79' lang='grc' dir='ltr'><strong>μὲν</strong></span> <span class='ocrx_word' id='word_1_837' title='bbox 2514 2734 2521 2755; x_wconf 63' lang='lat'>1</span> 
     </span>
    </p>
   </div>
   <div class='ocr_carea' id='block_1_19' title="bbox 1204 2800 2448 2809">
    <p class='ocr_par' dir='ltr' id='par_1_20' title="bbox 1204 2800 2448 2809">
     <span class='ocr_line' id='line_1_98' title="bbox 1204 2800 2448 2809; baseline 0.001 -1"><span class='ocrx_word' id='word_1_838' title='bbox 1204 2801 1584 2808; x_wconf 78' lang='lat'><em>——.—-—-———-</em></span> <span class='ocrx_word' id='word_1_839' title='bbox 1590 2800 2448 2809; x_wconf 76' lang='lat'>—-———.———-—</span> 
     </span>
    </p>
   </div>
   <div class='ocr_carea' id='block_1_20' title="bbox 1419 2830 2512 3401">
    <p class='ocr_par' dir='ltr' id='par_1_21' title="bbox 1419 2830 2518 3401">
     <span class='ocr_line' id='line_1_99' title="bbox 1422 2830 2461 2874; baseline 0.002 -11"><span class='ocrx_word' id='word_1_840' title='bbox 1422 2831 1513 2863; x_wconf 82' lang='lat' dir='ltr'><strong>verbi</strong></span> <span class='ocrx_word' id='word_1_841' title='bbox 1534 2839 1633 2863; x_wconf 88' lang='lat' dir='ltr'><strong>causa</strong></span> <span class='ocrx_word' id='word_1_842' title='bbox 1655 2830 1816 2863; x_wconf 86' lang='lat' dir='ltr'><strong>Bacchum</strong></span> <span class='ocrx_word' id='word_1_843' title='bbox 1834 2830 1930 2869; x_wconf 79' lang='lat' dir='ltr'><strong>Jovi.</strong></span> <span class='ocrx_word' id='word_1_844' title='bbox 1953 2830 2178 2873; x_wconf 86' lang='lat' dir='ltr'><strong>AEsculapium</strong></span> <span class='ocrx_word' id='word_1_845' title='bbox 2195 2831 2351 2874; x_wconf 82' lang='lat' dir='ltr'><strong>Apollini,</strong></span> <span class='ocrx_word' id='word_1_846' title='bbox 2379 2831 2461 2866; x_wconf 81' lang='lat' dir='ltr'><strong>Gra-</strong></span> 
     </span>
     <span class='ocr_line' id='line_1_100' title="bbox 1421 2888 2457 2934; baseline 0.003 -12"><span class='ocrx_word' id='word_1_847' title='bbox 1421 2890 1484 2923; x_wconf 86' lang='lat' dir='ltr'><strong>tias</strong></span> <span class='ocrx_word' id='word_1_848' title='bbox 1516 2890 1645 2924; x_wconf 87' lang='lat' dir='ltr'><strong>Veneri.</strong></span> <span class='ocrx_word' id='word_1_849' title='bbox 1690 2890 1781 2928; x_wconf 91' lang='lat' dir='ltr'><strong>Quin</strong></span> <span class='ocrx_word' id='word_1_850' title='bbox 1806 2888 1906 2923; x_wconf 77' lang='lat' dir='ltr'><strong>etiam</strong></span> <span class='ocrx_word' id='word_1_851' title='bbox 1931 2890 2028 2923; x_wconf 91' lang='lat' dir='ltr'><strong>orbes</strong></span> <span class='ocrx_word' id='word_1_852' title='bbox 2054 2900 2168 2924; x_wconf 87' lang='lat' dir='ltr'><strong>eorum</strong></span> <span class='ocrx_word' id='word_1_853' title='bbox 2197 2893 2344 2934; x_wconf 82' lang='lat' dir='ltr'><strong>spectare</strong></span> <span class='ocrx_word' id='word_1_854' title='bbox 2362 2892 2435 2925; x_wconf 78' lang='lat' dir='ltr'><strong>licei</strong></span> <span class='ocrx_word' id='word_1_855' title='bbox 2449 2917 2457 2932; x_wconf 91' lang='lat'><em>‚</em></span> 
     </span>
     <span class='ocr_line' id='line_1_101' title="bbox 1422 2948 2505 2991; baseline 0.001 -9"><span class='ocrx_word' id='word_1_856' title='bbox 1422 2951 1531 2983; x_wconf 83' lang='lat' dir='ltr'><strong>Vestae</strong></span> <span class='ocrx_word' id='word_1_857' title='bbox 1549 2950 1670 2982; x_wconf 86' lang='lat' dir='ltr'><strong>terram</strong></span> <span class='ocrx_word' id='word_1_858' title='bbox 1684 2974 1692 2989; x_wconf 97' lang='lat'>,</span> <span class='ocrx_word' id='word_1_859' title='bbox 1710 2948 1848 2990; x_wconf 89' lang='lat' dir='ltr'><strong>Neptuni</strong></span> <span class='ocrx_word' id='word_1_860' title='bbox 1871 2957 2008 2990; x_wconf 88' lang='lat' dir='ltr'><strong>aquam,</strong></span> <span class='ocrx_word' id='word_1_861' title='bbox 2023 2949 2160 2982; x_wconf 83' lang='lat' dir='ltr'><strong>Junonis</strong></span> <span class='ocrx_word' id='word_1_862' title='bbox 2173 2958 2282 2983; x_wconf 86' lang='lat' dir='ltr'><strong>aerem</strong></span> <span class='ocrx_word' id='word_1_863' title='bbox 2293 2975 2302 2991; x_wconf 96' lang='lat'><strong>‚</strong></span> <span class='ocrx_word' id='word_1_864' title='bbox 2321 2950 2459 2983; x_wconf 81' lang='lat' dir='ltr'><strong>Vulcani</strong></span> <span class='ocrx_word' id='word_1_865' title='bbox 2503 2963 2505 2965; x_wconf 90' lang='grc'><em>·</em></span> 
     </span>
     <span class='ocr_line' id='line_1_102' title="bbox 1420 2998 2481 3056; baseline 0 -15"><span class='ocrx_word' id='word_1_866' title='bbox 1420 3008 1548 3050; x_wconf 85' lang='lat' dir='ltr'><strong>ignem3</strong></span> <span class='ocrx_word' id='word_1_867' title='bbox 1572 3017 1630 3041; x_wconf 80' lang='lat' dir='ltr'><strong>sex</strong></span> <span class='ocrx_word' id='word_1_868' title='bbox 1656 3008 1767 3040; x_wconf 85' lang='lat' dir='ltr'><strong>autem</strong></span> <span class='ocrx_word' id='word_1_869' title='bbox 1793 3007 1976 3049; x_wconf 86' lang='lat' dir='ltr'><strong>superiores</strong></span> <span class='ocrx_word' id='word_1_870' title='bbox 2003 2998 2084 3049; x_wconf 85' lang='lat' dir='ltr'><strong>illis,</strong></span> <span class='ocrx_word' id='word_1_871' title='bbox 2106 3007 2227 3049; x_wconf 87' lang='lat' dir='ltr'><strong>quibus</strong></span> <span class='ocrx_word' id='word_1_872' title='bbox 2250 3007 2348 3049; x_wconf 81' lang='lat' dir='ltr'><strong>vulgo</strong></span> <span class='ocrx_word' id='word_1_873' title='bbox 2373 3009 2456 3041; x_wconf 84' lang='lat' dir='ltr'><strong>assi·</strong></span> <span class='ocrx_word' id='word_1_874' title='bbox 2479 3052 2481 3056; x_wconf 19' lang='lat' dir='ltr'>y</span> 
     </span>
     <span class='ocr_line' id='line_1_103' title="bbox 1421 3065 2456 3109; baseline -0.002 -8"><span class='ocrx_word' id='word_1_875' title='bbox 1421 3068 1570 3109; x_wconf 84' lang='lat' dir='ltr'><strong>guantur,</strong></span> <span class='ocrx_word' id='word_1_876' title='bbox 1584 3067 1648 3100; x_wconf 89' lang='lat' dir='ltr'><strong>diis</strong></span> <span class='ocrx_word' id='word_1_877' title='bbox 1671 3065 1772 3099; x_wconf 87' lang='lat' dir='ltr'><strong>tribui</strong></span> <span class='ocrx_word' id='word_1_878' title='bbox 1788 3068 1922 3108; x_wconf 85' lang='lat' dir='ltr'><strong>possunt</strong></span> <span class='ocrx_word' id='word_1_879' title='bbox 1941 3079 1949 3099; x_wconf 80' lang='lat'>2</span> <span class='ocrx_word' id='word_1_880' title='bbox 1974 3075 2048 3098; x_wconf 83' lang='lat' dir='ltr'><strong>nam</strong></span> <span class='ocrx_word' id='word_1_881' title='bbox 2063 3066 2246 3108; x_wconf 83' lang='lat' dir='ltr'><strong>Apollinem</strong></span> <span class='ocrx_word' id='word_1_882' title='bbox 2268 3067 2301 3100; x_wconf 88' lang='lat' dir='ltr'><strong>et</strong></span> <span class='ocrx_word' id='word_1_883' title='bbox 2319 3066 2456 3100; x_wconf 82' lang='lat' dir='ltr'><strong>Dianam</strong></span> 
     </span>
     <span class='ocr_line' id='line_1_104' title="bbox 1419 3124 2456 3168; baseline -0.001 -9"><span class='ocrx_word' id='word_1_884' title='bbox 1419 3136 1478 3168; x_wconf 86' lang='lat' dir='ltr'><strong>pro</strong></span> <span class='ocrx_word' id='word_1_885' title='bbox 1495 3126 1562 3159; x_wconf 90' lang='lat' dir='ltr'><strong>sole</strong></span> <span class='ocrx_word' id='word_1_886' title='bbox 1579 3128 1614 3158; x_wconf 87' lang='lat' dir='ltr'><strong>et</strong></span> <span class='ocrx_word' id='word_1_887' title='bbox 1628 3125 1704 3158; x_wconf 84' lang='lat' dir='ltr'><strong>luna</strong></span> <span class='ocrx_word' id='word_1_888' title='bbox 1719 3124 1821 3167; x_wconf 83' lang='lat' dir='ltr'><strong>accipi</strong></span> <span class='ocrx_word' id='word_1_889' title='bbox 1835 3124 2005 3158; x_wconf 83' lang='lat' dir='ltr'><strong>convenit:</strong></span> <span class='ocrx_word' id='word_1_890' title='bbox 2019 3125 2054 3159; x_wconf 86' lang='lat' dir='ltr'><strong>at</strong></span> <span class='ocrx_word' id='word_1_891' title='bbox 2067 3125 2197 3158; x_wconf 85' lang='lat' dir='ltr'><strong>Saturni</strong></span> <span class='ocrx_word' id='word_1_892' title='bbox 2209 3124 2321 3159; x_wconf 85' lang='lat' dir='ltr'><strong>orbem</strong></span> <span class='ocrx_word' id='word_1_893' title='bbox 2334 3125 2456 3166; x_wconf 85' lang='lat' dir='ltr'><strong>cereri,</strong></span> 
     </span>
     <span class='ocr_line' id='line_1_105' title="bbox 1420 3182 2512 3226; baseline -0.001 -9"><span class='ocrx_word' id='word_1_894' title='bbox 1420 3185 1574 3217; x_wconf 83' lang='lat' dir='ltr'><strong>Minervae</strong></span> <span class='ocrx_word' id='word_1_895' title='bbox 1602 3184 1757 3217; x_wconf 82' lang='lat' dir='ltr'><strong>aetherem</strong></span> <span class='ocrx_word' id='word_1_896' title='bbox 1788 3183 1945 3215; x_wconf 89' lang='lat' dir='ltr'><strong>vindicari</strong></span> <span class='ocrx_word' id='word_1_897' title='bbox 1979 3185 2106 3225; x_wconf 85' lang='lat' dir='ltr'><strong>oportet</strong></span> <span class='ocrx_word' id='word_1_898' title='bbox 2131 3196 2139 3215; x_wconf 73' lang='grc' dir='ltr'>ε</span> <span class='ocrx_word' id='word_1_899' title='bbox 2170 3183 2291 3216; x_wconf 84' lang='lat' dir='ltr'><strong>coelum</strong></span> <span class='ocrx_word' id='word_1_900' title='bbox 2316 3182 2457 3226; x_wconf 82' lang='lat' dir='ltr'><strong>denique</strong></span> <span class='ocrx_word' id='word_1_901' title='bbox 2510 3210 2512 3213; x_wconf 89' lang='lat'><strong>.</strong></span> 
     </span>
     <span class='ocr_line' id='line_1_106' title="bbox 1419 3241 2455 3284; baseline 0 -9"><span class='ocrx_word' id='word_1_902' title='bbox 1419 3243 1568 3276; x_wconf 88' lang='lat' dir='ltr'><strong>omnibus</strong></span> <span class='ocrx_word' id='word_1_903' title='bbox 1603 3251 1774 3275; x_wconf 84' lang='lat' dir='ltr'><strong>commune</strong></span> <span class='ocrx_word' id='word_1_904' title='bbox 1799 3243 1865 3274; x_wconf 79' lang='lat' dir='ltr'><strong>est:</strong></span> <span class='ocrx_word' id='word_1_905' title='bbox 1905 3241 2089 3274; x_wconf 84' lang='lat' dir='ltr'><strong>Duodecim</strong></span> <span class='ocrx_word' id='word_1_906' title='bbox 2113 3250 2189 3284; x_wconf 86' lang='lat' dir='ltr'><strong>ergo</strong></span> <span class='ocrx_word' id='word_1_907' title='bbox 2216 3241 2353 3275; x_wconf 77' lang='lat' dir='ltr'><strong>deorum</strong></span> <span class='ocrx_word' id='word_1_908' title='bbox 2387 3243 2455 3275; x_wconf 82' lang='lat' dir='ltr'><strong>tam</strong></span> 
     </span>
     <span class='ocr_line' id='line_1_107' title="bbox 1419 3298 2457 3344; baseline -0.001 -9"><span class='ocrx_word' id='word_1_909' title='bbox 1419 3302 1550 3335; x_wconf 87' lang='lat' dir='ltr'><strong>ordines</strong></span> <span class='ocrx_word' id='word_1_910' title='bbox 1564 3310 1662 3344; x_wconf 87' lang='lat' dir='ltr'><strong>quam</strong></span> <span class='ocrx_word' id='word_1_911' title='bbox 1684 3300 1855 3334; x_wconf 80' lang='lat' dir='ltr'><strong>facultates</strong></span> <span class='ocrx_word' id='word_1_912' title='bbox 1870 3302 1904 3333; x_wconf 87' lang='lat' dir='ltr'><strong>et</strong></span> <span class='ocrx_word' id='word_1_913' title='bbox 1921 3300 2016 3333; x_wconf 88' lang='lat' dir='ltr'><strong>orbes</strong></span> <span class='ocrx_word' id='word_1_914' title='bbox 2039 3299 2085 3333; x_wconf 76' lang='lat' dir='ltr'><strong>ita</strong></span> <span class='ocrx_word' id='word_1_915' title='bbox 2114 3300 2210 3333; x_wconf 89' lang='lat' dir='ltr'><strong>simul</strong></span> <span class='ocrx_word' id='word_1_916' title='bbox 2225 3301 2257 3333; x_wconf 89' lang='lat' dir='ltr'><strong>in</strong></span> <span class='ocrx_word' id='word_1_917' title='bbox 2286 3298 2457 3339; x_wconf 73' lang='lat' dir='ltr'><strong>annalibus</strong></span> 
     </span>
     <span class='ocr_line' id='line_1_108' title="bbox 1419 3350 2511 3401; baseline -0.003 -7"><span class='ocrx_word' id='word_1_918' title='bbox 1419 3361 1607 3401; x_wconf 81' lang='lat' dir='ltr'><strong>traduntur,</strong></span> <span class='ocrx_word' id='word_1_919' title='bbox 1628 3361 1724 3393; x_wconf 90' lang='lat' dir='ltr'><strong>simul</strong></span> <span class='ocrx_word' id='word_1_920' title='bbox 1746 3359 1945 3393; x_wconf 88' lang='lat' dir='ltr'><strong>carminibus</strong></span> <span class='ocrx_word' id='word_1_921' title='bbox 1962 3358 2176 3393; x_wconf 86' lang='lat' dir='ltr'><strong>celebrantur.</strong></span> <span class='ocrx_word' id='word_1_922' title='bbox 2509 3350 2511 3354; x_wconf 70' lang='grc'><strong>’</strong></span> 
     </span>
    </p>
   </div>
   <div class='ocr_carea' id='block_1_21' title="bbox 1754 2248 2528 2302">
    <p class='ocr_par' dir='ltr' id='par_1_22' title="bbox 1754 2248 2528 2302">
     <span class='ocr_line' id='line_1_109' title="bbox 1754 2248 2528 2302; baseline 0.004 -14"><span class='ocrx_word' id='word_1_923' title='bbox 1754 2249 1951 2302; x_wconf 82' lang='grc' dir='ltr'>Ἀγέννητον</span> <span class='ocrx_word' id='word_1_924' title='bbox 1969 2248 2004 2287; x_wconf 82' lang='grc' dir='ltr'><strong>δὲ</strong></span> <span class='ocrx_word' id='word_1_925' title='bbox 2019 2248 2124 2288; x_wconf 77' lang='grc' dir='ltr'>ἱκανὰ</span> <span class='ocrx_word' id='word_1_926' title='bbox 2137 2249 2201 2300; x_wconf 83' lang='grc' dir='ltr'><strong>μὲν</strong></span> <span class='ocrx_word' id='word_1_927' title='bbox 2215 2249 2322 2296; x_wconf 78' lang='grc' dir='ltr'>δεῖξαι</span> <span class='ocrx_word' id='word_1_928' title='bbox 2337 2254 2464 2290; x_wconf 81' lang='grc' dir='ltr'>ταῦτα·</span> <span class='ocrx_word' id='word_1_929' title='bbox 2523 2277 2528 2292; x_wconf 73' lang='grc' dir='ltr'>ι</span> 
     </span>
    </p>
   </div>
   <div class='ocr_carea' id='block_1_22' title="bbox 2494 2307 2528 3788">
    <p class='ocr_par' dir='ltr' id='par_1_23' title="bbox 2494 2307 2528 3788">
     <span class='ocr_line' id='line_1_110' title="bbox 2494 2307 2528 3788; baseline 0 0"><span class='ocrx_word' id='word_1_930' title='bbox 2494 2307 2528 3788; x_wconf 95' lang='lat' dir='ltr'><strong> </strong></span> 
     </span>
    </p>
   </div>
  </div>
 </body>
</html>
