2508 3776
277 195 356 233 484

326 282 342 299 *
356 279 442 320 “Oti
458 278 492 317 δὲ
506 279 537 317 οἱ
557 276 730 330 σώφρονες
741 306 752 328 ,
767 275 828 315 καὶ
840 276 870 315 οἳ
883 275 1041 330 φρόνιμοι
1054 277 1222 332 φεύγουσι
1241 278 1305 326 τὴν

271 339 418 388 ἡδονήν,
444 337 504 376 καὶ
529 338 584 376 τὸν
613 336 744 375 ἄλυπον
777 335 943 375 διώκουσι
966 336 1060 389 βίον,
1076 339 1108 377 οἱ
1136 337 1171 377 δὲ
1192 338 1311 381 παῖδες

270 398 330 438 καὶ
349 397 392 436 τὰ
409 396 511 447 θηρία
531 395 694 434 διώκουσι
713 395 774 439 τὰς
801 394 947 446 ἡδονάς,
969 395 1090 435 λύεται
1118 401 1187 440 τοῖς
1207 397 1242 434 ἐν
1262 398 1311 448 τῷ

271 456 316 503 ιη’
350 456 529 507 κεφαλαίῳ
555 453 759 507 εἰρημένοις.
796 452 900 492 Ἐπεὶ
933 452 1000 506 γὰρ
1022 456 1090 493 τῶν
1120 456 1253 501 ἡδονῶν
1275 455 1311 493 αἱ

270 514 333 564 μέν
354 514 438 553 εἶσιν
456 512 575 556 ἁπλῶς
596 511 746 563 ἀγαθαί,
767 513 802 550 αἱ
824 511 858 550 δὲ
879 513 945 565 οὐχ
963 514 1083 557 ἁπλῶς
1096 513 1238 564 ἀγαθαί,
1250 512 1311 557 τὰς

269 573 312 624 μὲ
316 590 331 611 ν
355 572 402 623 μὴ
427 572 545 616 ἁπλως
566 571 699 642 ἀγαθὰς
713 571 758 610 τὰ
774 571 898 609 παιδία
912 571 973 610 καὶ
995 571 1038 611 τὰ
1059 571 1161 624 θηρία
1180 571 1311 620 διώκει,

268 631 328 669 καὶ
344 634 361 669 6
379 630 527 692 σώφρων
541 629 680 683 φεύγει,
697 629 859 669 καὶκατὰ
874 629 1003 675 ταύτας
1024 629 1186 683 βούλεται
1208 632 1310 682 μόνον

268 691 397 734 ἄλυπος
411 693 511 729 εἶναι·
526 705 586 728 και
602 692 621 727 6
636 688 801 742 φρόνιμος
816 719 827 738 ,
844 689 904 728 καὶ
924 688 957 728 εἴ
976 706 1027 734 τις
1047 693 1231 734 σπουδαῖος
1251 691 1312 736 τὰς

268 751 345 800 μετ’
360 748 556 800 ἐπιθυμίας
568 748 627 787 καὶ
647 748 782 800 λύπης,
813 748 876 793 τὰς
907 748 1110 800 σωματικὰς
1131 750 1312 795 (τοιαῦται

267 809 334 860 γὰρ
359 803 481 860 αὗται)
510 808 570 846 καὶ
586 807 647 852 τὰς
668 807 798 847 τούτων
815 808 1032 860 ὑπερὸολοίς,
1061 809 1140 861 περὶ
1162 808 1201 854 ἃς
1229 808 1272 848 ἂν
1293 811 1311 848 6

268 867 459 911 ἀκόλαστος
479 866 685 919 στρέφηται·
705 866 756 905 διὸ
773 873 787 889 ³
806 870 825 905 6
852 866 999 919 σώφρων
1029 867 1147 921 φεύγει
1168 867 1309 914 ταύτας·

268 926 330 970 τὰς
351 927 385 965 δὲ
407 927 526 969 ἁπλῶς
546 925 670 973 ἡδονὰς
687 927 705 964 6
722 925 867 978 σώφρων
890 926 949 964 καὶ
964 928 982 964 6
1001 925 1165 979 φρόνιμος
1182 927 1310 966 διώκει·

267 984 307 1023 αἵ
323 987 390 1025 εἰσι
425 986 598 1039 σώφρονες
622 984 756 1031 ἡδοναί”
784 984 822 1022 αῗ
850 987 936 1024 εἶσιν
960 987 995 1024 αἱ
1021 988 1089 1024 τῶν
1121 987 1312 1026 ἐπαινετῶν

266 1044 368 1089 ἕξεων
397 1044 579 1098 ἐνέργειαι·
602 1038 673 1083 οἷον
695 1043 918 1098 σωφροσύνης
932 1074 942 1093 ,
974 1043 998 1092 ἢ
1017 1044 1257 1095 δικαιοσύνης,
1287 1045 1310 1094 ἢ

266 1107 422 1156 θεωρίας.

323 1164 357 1180 ”
377 1163 479 1203 ’Emi
501 1162 536 1202 δὲ
554 1163 613 1202 καὶ
631 1161 725 1211 λύπη
744 1164 767 1210 ἡ
789 1161 853 1213 μέν
867 1163 958 1201 ἐστιν
974 1161 1119 1214 ἀγαθόν,
1140 1162 1208 1211 ἡδὲ
1222 1165 1310 1215 φαῦ-

265 1224 324 1262 λον
345 1222 404 1261 καὶ
422 1222 584 1274 φευκτόν,
598 1221 658 1261 καὶ
675 1224 736 1268 τ’ῆς
752 1225 901 1272 φευκτῆς
918 1225 940 1269 ἡ
962 1222 1024 1272 μὲν
1039 1222 1116 1261 καθ’
1134 1225 1217 1260 αὑτό
1237 1225 1311 1261 ἐστι

266 1282 394 1335 φευκτή
406 1312 415 1328 ,
432 1284 512 1329 ‹bg-5,
534 1281 592 1320 ἐπὶ
609 1283 714 1333 ἀρετῇ
729 1280 845 1331 λύπη,
863 1283 885 1327 ἡ
903 1280 939 1318 δὲ
954 1279 1018 1328 πή,
1036 1282 1051 1306 ¹³
1075 1283 1120 1324 ὡς
1134 1283 1156 1327 ἡ
1170 1280 1226 1318 ἐπὶ
1248 1283 1308 1327 ζηο

267 1345 330 1394 μία
344 1340 411 1379 τινὶ
431 1340 578 1387 λύπη,“’
555 1356 632 1387 ητις
652 1340 782 1392 φευκτή
799 1342 872 1378 εστι
886 1339 978 1377 κατά
991 1355 1041 1388 τι,
1061 1340 1112 1377 ὅτι
1130 1339 1308 1389 ἐμποδίζει

264 1404 307 1452 τῇ
339 1404 374 1438 θε
361 1400 477 1473 ωρίᾳ·
501 1399 646 1452 φανερὸν
675 1397 727 1436 ὅτι
749 1399 884 1450 ἀνάγκη
915 1404 1013 1436 πᾶσα
1034 1398 1074 1436 τὸ
1093 1397 1243 1436 ἐναντίον
1264 1401 1306 1449 τῇ

263 1458 357 1511 λύπῃ
378 1459 440 1503 τὴν
453 1458 590 1505 ἡδονήν,
608 1455 691 1507 τὴν
686 1456 748 1494 μὲν
764 1457 884 1500 ἁπλῶς
899 1455 1049 1509 φευκτὴν
1066 1450 1170 1507 εἶναι,
1187 1455 1250 1504 τὴν
1271 1457 1307 1495 δὲ

263 1517 327 1564 πή·
348 1524 361 1541 ⁰
384 1517 516 1569 ἀνάγκη
537 1517 604 1569 γὰρ
625 1517 673 1568 τῷ
696 1517 817 1558 ἁπλῶς
842 1519 942 1568 κακῷ
964 1515 1086 1558 ἁπλῶς
1113 1514 1241 1566 ἀγαθὸν
1261 1518 1309 1553 εἰ-

263 1591 319 1614 ναι
308 1574 505 1662 ςέναντίον,
528 1591 587 1614 και
607 1578 657 1613 τῶ
673 1574 748 1621 πὴ(ι
766 1590 867 1612 κακω
887 1573 925 1612 τὸ
944 1573 992 1620 πὴ
1015 1574 1154 1624 ἀγαθόν·
1177 1575 1215 1611 06
1236 1574 1304 1626 γὰρ

263 1635 336 1682 ἧς
306 1633 537 1673 ..πευσίππου
566 1631 685 1681 λύσις,
705 1635 783 1672 καθ’
807 1633 884 1680 ἦν’
869 1634 1091 1684 ενιστάμενος
1111 1632 1204 1670 λύειν
1226 1634 1305 1671 ἐπι-

263 1700 374 1746 χειρεῖ
394 1694 491 1732 τόνδε
512 1708 571 1730 τον
596 1692 718 1744 λόγον,
739 1691 928 1742 συμὸαίνει
949 1695 992 1745 τῇ
1015 1691 1176 1744 ἀληθεία.
1207 1690 1307 1739 Φησὶ

262 1753 342 1805 γάρ,
361 1752 414 1791 ὅτι
443 1751 603 1803 καθάπερ
627 1752 666 1790 τὸ
701 1753 817 1802 μεῖζον
850 1750 969 1790 καὶτὸ
994 1750 1139 1790 ἔλαττον
1170 1749 1308 1789 ἐναντία

264 1812 336 1851 ἐστὶ
357 1814 406 1863 τῷ
424 1811 508 1864 ἴσῳ,
530 1811 589 1849 καῖι
619 1810 676 1848 ἐπὶ
708 1813 776 1849 τῶν
812 1812 944 1862 ἀρετῶν
964 1809 1009 1848 τὰ
1039 1809 1124 1861 παρ’
1159 1809 1309 1861 ἑκάτερα

263 1870 425 1918 ἐναντία,
459 1868 516 1907 τὸν
540 1868 641 1907 αὐτὸν
664 1867 704 1914 δὴ
727 1867 854 1920 τρόπον
889 1868 948 1906 καὶ
981 1871 1024 1920 τῇ
1054 1867 1186 1922 ἀλυπίᾳ
1215 1868 1309 1907 ἀντί-

262 1944 377 1967 κειται
399 1930 421 1974 ἠ
444 1927 549 1974 ἡδονὴ
584 1926 644 1965 καὶ
666 1926 790 1976 λύπη,
823 1930 845 1974 ἡ
880 1926 942 1977 μὲν
972 1928 1018 1970 ὡς
1047 1928 1161 1976 μεῖζον
1178 1955 1189 1974 ,
1226 1929 1249 1973 ἡ
1270 1926 1306 1965 δὲ

261 1988 356 2033 λύπη
373 1989 420 2029 ὡς
443 1986 609 2033 ἔλαττον,
631 1986 692 2024 καὶ
713 1984 806 2024 ἔστιν
827 1988 849 2032 ἡ
873 1985 936 2036 μὲν
958 1984 1090 2023 ἀλυπία
1114 1983 1263 2036 ἀγαθόν,
1286 1987 1307 2031 ἡ

262 2046 298 2084 δὲ
319 2046 426 2093 ἡδονή
439 2075 449 2093 ,
472 2047 530 2084 καὶ
551 2049 573 2093 ἡ
590 2045 684 2092 λύπη
698 2074 708 2091 ,
732 2044 850 2084 κακόν·
870 2039 967 2088 οὗτος
988 2044 1055 2096 γὰρ
1073 2046 1091 2081 ὁ
1104 2043 1203 2095 λόγος
1223 2059 1309 2081 παν-

261 2107 370 2149 τελως
391 2103 508 2150 ἄδοξός
533 2106 638 2143 ἐστιν·
657 2103 769 2142 οὐδενὶ
789 2102 857 2157 γὰρ
887 2107 910 2151 ἡ
942 2103 1049 2150 ἡδονὴ
1069 2103 1175 2141 κακὸν
1203 2104 1307 2141 δοκεῖ·

264 2163 378 2207 οὐδεὶς
395 2163 462 2216 γὰρ
487 2163 527 2202 ἂν
545 2162 630 2217 φαίη
652 2161 714 2210 τὴν
736 2162 864 2211 ἡδονὴν
884 2165 1017 2211 αὐτήν,
1040 2162 1126 2215 ὅπερ
1147 2161 1220 2201 ἐστὶ
1241 2177 1309 2200 κα-

260 2222 321 2262 κὸν
339 2227 440 2262 εἰναι.

314 2281 367 2299 ***
388 2279 500 2321 Οὐδὲν
521 2280 556 2319 δὲ
573 2279 699 2320 κωλύει
719 2279 848 2328 ἡδονὴν
875 2284 962 2319 εἶναι
980 2296 1019 2318 το
1040 2280 1168 2331 ἀγαθὸν
1188 2279 1249 2319 καὶ
1269 2279 1309 2318 τὸ

261 2341 423 2394 ἄριστον,
463 2339 517 2378 ὅτι
555 2339 644 2378 ἔνιαι
683 2341 750 2377 τῶν
785 2340 918 2386 ἡδονῶν
955 2340 1096 2392 φαῦλαι·
1145 2339 1204 2378 καὶ
1239 2339 1307 2410 γὰρ

260 2402 399 2439 πολλῶν
429 2400 567 2451 φαύλων
601 2400 715 2437 οὒσων
751 2401 957 2449 ἐπιστημῶν
979 2396 1081 2436 οὐδὲν
1118 2398 1247 2437 κωλύει
1269 2398 1307 2436 τὸ

262 2459 400 2531 ἄριστον
422 2463 509 2497 εἶναι
527 2458 591 2505 τὴν
613 2457 828 2509 ἐπιστήμην.
848 2455 954 2501 Ἴσως
970 2457 1005 2495 δὲ
1026 2459 1064 2495 06
1079 2457 1184 2507 μόνον
1203 2458 1306 2496 δυνα-

261 2518 339 2566 τόν,
354 2518 444 2557 ἀλλὰ
465 2517 525 2556 καὶ
547 2519 734 2568 ἀναγκαῖον
755 2516 818 2564 τὴν
838 2516 966 2564 ἡδονὴν
987 2516 1026 2555 τὸ
1049 2516 1190 2569 ἄριστον
1218 2519 1307 2554 εἶναι

261 2576 321 2616 καὶ
341 2577 380 2615 τὸ
399 2576 644 2626 αἱρετώτατον.
670 2577 713 2615 Εἰ
741 2576 807 2628 γὰρ
833 2577 950 2623 πάσης
971 2574 1071 2620 ἕξεώς
1093 2577 1185 2614 ἐστιν
1207 2575 1306 2629 ἐνέρ-

261 2651 356 2688 γεια,
378 2638 399 2681 ἡ
421 2635 455 2672 δὲ
478 2634 679 2683 εὐδαιμονία
705 2637 764 2672 καὶ
797 2634 836 2673 τὸ
864 2636 1003 2686 ἄριστον
1035 2634 1189 2686 ἐνέργειά
1212 2636 1305 2673 ἐστιν

262 2694 362 2739 ἕξεως
384 2695 534 2767 ἀγαθῆς,
555 2693 577 2739 ἢ
599 2699 681 2742 μιᾶς
700 2696 761 2740 τῆς
781 2694 922 2745 ἀρίστης
941 2693 963 2741 ἢ
984 2696 1125 2741 πασῶν,
1145 2693 1303 2767 ἀνεμπό-

262 2754 385 2795 διστος·
405 2755 428 2799 ἡ
449 2752 482 2791 δὲ
500 2751 639 2800 ἡδονὴ’
626 2752 699 2804 ενέρ
702 2768 777 2803 γεια
796 2754 869 2791 ἐστι
889 2769 950 2799 της
970 2752 1062 2791 κατὰ
1084 2751 1187 2805 φύσιν
1204 2752 1304 2797 ἕξεως

262 2811 526 2862 ἀνεμπόδιστος·
564 2811 703 2862 ἀνάγκη
732 2811 772 2856 δὴ
807 2812 868 2857 τὴν
901 2793 1122 2862 εὐδαιμονίάν
1136 2839 1147 2859 ,
1180 2810 1241 2849 καὶ
1263 2810 1304 2849 τὸ

263 2870 424 2922 ἄριστον,
448 2869 574 2917 ἡδονὴν
594 2873 695 2907 εἰναι.
718 2869 789 2908 Καὶ
811 2871 908 2911 οὐδὲν
933 2870 1169 2923 προσίσταται
1188 2870 1228 2908 τό
1248 2886 1304 2909 τι-

262 2943 322 2972 νας
341 2931 409 2967 τῶν
430 2929 559 2974 ἡδονῶν
581 2927 714 2980 φαύλας
745 2931 843 2965 εἰναι.
866 2927 953 2968 “On
986 2929 1022 2968 δὲ
1051 2929 1113 2977 τὴν
1134 2929 1303 2978 εὐδαιμο-

261 2987 337 3026 νίαν
362 2987 496 3038 ἀνάγκη
518 2986 691 3039 ἐνέργειαν
720 3003 797 3025 τινα
819 2992 905 3026 εἰναι
933 2988 1207 3039 ἀνεμπόδιστον,
1229 3003 1304 3041 φα-

263 3046 387 3099 νερόν,
409 3047 459 3084 δεῖ
476 3046 542 3097 γὰρ
564 3044 699 3083 τελείαν
721 3049 823 3083 εἰναι·
841 3046 984 3095 οὐδεμία
1006 3046 1078 3085 δὲ
1063 3046 1218 3099 ενέργεια
1237 3047 1303 3095 ἐμ-

263 3103 471 3155 ποδιζομὲνη
490 3103 605 3143 τελεία
621 3103 764 3142 δύναται
784 3110 892 3143 εἶναι·
912 3105 968 3144 διὰ
985 3109 1108 3155 τοῦτο,
1132 3104 1246 3148 καθὼς
1268 3106 1303 3143 ἐν

263 3168 333 3208 τοῖς
350 3163 544 3218 ἔμπροσθεν
559 3163 693 3216 εἴρηται
709 3195 719 3210 ,
740 3164 849 3202 δεῖται
865 3166 884 3202 6
904 3165 1078 3215 εὐδαίμων
1097 3167 1165 3203 τῶν
1181 3165 1304 3210 ἔξωθεν

265 3223 425 3274 ἀγαθῶν,
448 3221 506 3261 ἵνα
537 3222 586 3272 μὴ
610 3222 839 3272 ἐμποδίζηται
862 3225 884 3268 ἡ
920 3222 1074 3273 ἐνέργεια
1105 3223 1224 3261 αὐτοῦ.
1255 3225 1301 3262 Οἱ

265 3281 300 3320 δὲ
319 3281 378 3320 τὸν
407 3282 599 3332 ἀνωμάλως
634 3283 776 3333 βιοῦντα
806 3279 866 3319 καὶ
899 3280 1100 3332 δυστυχίαις
1133 3281 1302 3332 μεγάλαις

1109 189 1182 230 ΑΝ
1189 189 1396 230 DRONICI
1428 189 1608 230 RHODII

1419 285 1494 316 Jam
1510 291 1589 315 vero
1605 282 1696 326 quod
1708 283 1929 326 temperantes
1944 282 2007 317 viri
2024 285 2058 318 et
2078 284 2256 327 prudentes
2271 284 2422 329 volupta-
2454 280 2473 289 ⁵
2504 283 2508 285 ’

1380 337 1447 367 tem
1463 332 1609 375 fugiunt,
1624 332 1793 375 vitamque
1813 333 1924 375 potius
1946 343 1965 366 a
1983 333 2095 367 dolore
2114 343 2252 368 vacuam
2274 344 2422 378 sequun-
2443 341 2460 383 ¹·

1380 386 1447 422 tur,
1466 384 1558 426 pueri
1578 386 1690 416 autem
1706 386 1740 416 et
1759 383 1875 416 bestiae
1892 383 2081 426 voluptates
2095 388 2338 425 consectantur,
2359 387 2422 419 hoe

1379 434 1420 467 iis
1446 443 1522 476 quae
1555 434 1662 477 capite
1689 433 1953 467 duodevicesimo
1986 434 2075 468 dicta
2106 438 2183 469 sunt
2214 436 2418 471 dissolvitur.

1381 486 1491 522 Quum
1503 483 1589 516 enim
1603 483 1677 516 aliae
1691 484 1878 526 voluptates
1893 483 2085 526 simpliciter
2098 487 2132 518 et
2149 486 2299 520 absolute
2313 487 2418 524 bonae.

1380 535 1454 568 aliae
1473 545 1537 568 non
1559 535 1750 578 simpliciter
1768 535 1862 568 bonae
1884 535 1950 568 sint
1965 560 1973 575 ‚
1998 544 2054 568 eas
2067 545 2143 578 quae
2157 540 2222 570 'non
2243 541 2322 572 sunt
2341 538 2423 572 sim-

1381 587 1510 630 pliciter
1522 587 1617 620 bonae
1635 587 1729 629 pueri
1746 588 1779 619 et
1801 586 1916 620 bestiae
1938 588 2133 629 sequuntur,
2162 597 2218 621 eas
2233 591 2352 622 autem·
2366 588 2424 622 fu-

1381 638 1427 680 git
1446 640 1641 680 temperans,
1662 640 1805 680 suntque
1830 638 1882 670 hae
1901 637 1978 669 solae
1999 638 2121 679 quibus
2143 637 2292 672 dolorem
2310 639 2420 672 vitat:

1381 688 1571 732 pariterque
1599 689 1743 731 prudens
1775 690 1808 721 et
1837 688 2029 732 quicunque
2058 691 2108 722 est
2132 690 2321 724 honestus:
2345 697 2421 729 eas,

1380 740 1530 783 inquam,
1550 750 1627 783 quae
1641 749 1716 773 cum
1738 740 1918 782 cupiditate
1938 743 1971 773 et
1989 740 2102 773 dolore
2122 741 2308 783 conJ'unctae
2325 742 2422 780 sunt.

1380 792 1528 834 corporis
1556 791 1710 825 videlicet
1733 793 1743 831 (
1755 801 1830 824 nam
1851 792 1903 824 hae
1926 791 2009 825 tales
2032 791 2129 834 sunt)
2153 801 2336 835 earumque
2357 791 2423 826 im-

1380 842 1637 881 moderationes,
1659 842 1693 874 in
1709 842 1831 884 quibus
1855 843 2008 874 versatur
2022 841 2246 885 intemperans
2261 854 2269 874 z
2284 841 2425 884 ideoque

1380 894 1440 927 has
1457 896 1641 936 temperans
1656 902 1789 936 quoque
1806 892 1891 935 fugit
1919 903 1927 922 τ
1950 902 2007 926 eas
2030 902 2110 926 vero
2129 901 2205 936 quae
2229 892 2424 935 simpliciter

1379 945 1567 987 voluptates
1577 945 1734 977 dicuntur
1749 947 1937 986 temperans
1953 953 2088 987 quoque
2102 946 2134 977 et
2148 943 2292 986 prudens
2306 951 2422 985 perse-

1379 995 1495 1038 quitur
1513 1008 1521 1028 :
1537 1005 1614 1039 quae
1627 996 1726 1029 etiam
1741 997 1961 1038 temperantes
1981 997 2059 1027 sunt
2077 994 2266 1038 voluptates
2281 1006 2288 1026 =
2316 1003 2425 1037 neque

1379 1047 1470 1080 aliud
1490 1057 1590 1090 quam
1613 1047 1832 1080 laudabilium
1851 1046 2028 1079 habituum
2048 1048 2125 1078 sunt
2141 1048 2236 1079 actus
2255 1058 2263 1078 ε
2282 1044 2425 1088 exempli

1379 1098 1498 1140 gratia,
1519 1097 1765 1139 temperantiae,
1778 1097 1918 1138 Justitiae
1931 1099 1990 1129 aut
2002 1095 2298 1138 contemplationis.
2323 1120 2327 1122 -

1421 1156 1583 1194 Quoniam
1607 1158 1719 1188 autem
1741 1157 1774 1188 et
1792 1154 1900 1198 dolor,
1922 1155 2008 1187 alius
2026 1154 2162 1197 quidem
2189 1155 2316 1195 bonus,
2339 1153 2426 1188 alius

1379 1218 1458 1242 vero
1474 1208 1582 1240 malus
1599 1211 1649 1241 est
1666 1210 1699 1242 et
1713 1207 1898 1250 fugiendus,
1913 1216 2096 1250 rursusque
2112 1206 2288 1249 fugiendus
2303 1207 2425 1250 partim

1379 1271 1437 1303 per
1455 1270 1490 1293 se
1518 1260 1694 1302 fugiendus
1707 1263 1775 1298 est,
1792 1262 1830 1292 ut
1846 1259 1939 1292 dolor
1963 1268 1981 1292 e
1997 1259 2122 1292 virtute
2139 1262 2322 1303 susceptus,
2349 1268 2427 1303 par-

1380 1314 1441 1346 tim
1462 1313 1706 1356 quodammodo
1722 1313 1910 1355 fugiendus,
1931 1314 1970 1345 ut
1983 1312 2077 1345 dolor
2092 1321 2110 1346 e
2121 1312 2243 1346 damno
2258 1315 2316 1346 aut
2330 1322 2428 1356 poena

1381 1369 1570 1408 susceptus,
1592 1367 1652 1408 qui
1664 1366 1874 1409 aliquatenus
1893 1364 2068 1407 fugiendus
2081 1367 2150 1406 est,
2177 1365 2255 1408 quIa
2276 1368 2427 1400 coutem-

1379 1420 1558 1462 plationem
1575 1420 1713 1463 impedit
1741 1433 1751 1453 ι
1779 1422 1913 1463 apparet
1935 1420 2036 1452 etiam
2060 1419 2096 1453 id
2120 1419 2212 1462 quod
2240 1419 2345 1454 dolori
2374 1421 2426 1454 est

1381 1473 1599 1513 contrarium,
1616 1473 1821 1514 voluptatem
1836 1473 1928 1511 dico,
1948 1472 2132 1506 necessario
2151 1472 2251 1514 aliam
2265 1472 2426 1516 simplici-

1381 1529 1442 1568 ter,
1458 1526 1554 1559 aliam
1571 1525 1816 1568 quodammodo
1842 1525 2033 1567 fugiendam
2059 1535 2131 1560 esse
2153 1536 2162 1555 τ
2183 1535 2317 1560 neeesse
2338 1525 2426 1560 enim

1381 1583 1432 1614 est
1447 1581 1478 1613 ei
1493 1580 1583 1622 quod
1602 1579 1751 1613 absolute
1767 1579 1891 1612 malum
1908 1581 1970 1620 est,
1985 1578 2020 1611 id
2033 1579 2152 1621 opponi
2173 1579 2262 1621 quod
2276 1579 2427 1613 absolute

1381 1634 1503 1667 bonum
1529 1635 1599 1674 est,
1626 1634 1723 1675 eique
1750 1632 1840 1675 quod
1869 1632 2112 1674 quodammodo
2131 1633 2258 1666 malum
2287 1635 2372 1672 ests
2390 1633 2426 1666 id

1381 1686 1470 1728 quod
1480 1685 1722 1727 quodammodo
1739 1687 1790 1718 est
1801 1685 1923 1718 bonum
1938 1698 1946 1719 ε
1961 1693 2068 1727 neque
2083 1684 2169 1718 enim
2183 1685 2355 1728 Speusippi
2368 1685 2426 1719 illa

1381 1739 1570 1779 dissolutio,
1584 1748 1653 1781 qua
1674 1738 1827 1771 instando
1842 1739 1905 1771 hoc
1920 1740 2151 1780 argumentum
2172 1738 2352 1772 dissolvere
2368 1747 2427 1772 co-

1380 1795 1489 1831 natur,
1507 1801 1622 1825 revera
1640 1791 1792 1834 quadrat.
1821 1791 1875 1824 Ait
1894 1791 1980 1824 enim
1994 1817 2001 1830 ,
2023 1790 2306 1834 quemadmodum
2318 1792 2428 1834 maius
2483 1806 2498 1831 g

1380 1848 1414 1879 et
1442 1845 1552 1878 minus
1585 1844 1705 1887 aequali
1730 1846 1807 1877 sunt
1833 1844 2018 1882 contraria,
2038 1843 2123 1877 etin
2149 1843 2332 1877 virtutibus
2351 1853 2427 1887 quoe

1382 1899 1537 1941 utrinque
1551 1899 1627 1930 sunt
1640 1897 1726 1929 inter
1744 1906 1778 1929 se
1794 1898 1871 1929 sunt
1881 1895 2054 1934 contraria,
2065 1895 2114 1928 ita
2125 1895 2331 1938 voluptatem
2345 1905 2429 1939 quo·

1380 1961 1446 1995 que
1462 1954 1495 1985 et
1507 1951 1653 1984 dolorem
1669 1950 1857 1983 indolentiae
1871 1949 2006 1992 opponi,
2029 1949 2120 1982 illam
2135 1948 2271 1992 quidem
2286 1951 2335 1982 ’ut
2352 1958 2426 1983 ma-

1378 2005 1446 2047 jus,
1465 2006 1553 2037 hunc
1569 2013 1647 2037 vero
1665 2006 1703 2036 ut
1716 2003 1842 2041 minus,
1855 2005 1955 2045 atque
1974 2011 2045 2035 esse
2061 2001 2184 2035 bonum
2193 2001 2422 2044 indolentiam,

1380 2055 1506 2088 malum
1532 2064 1610 2088 vero
1634 2054 1841 2096 voluptatem
1869 2061 1907 2085 ac
1925 2052 2071 2086 dolorem
2094 2061 2103 2081 ε
2138 2052 2212 2086 haec
2226 2052 2314 2086 enim
2341 2053 2426 2087 ratio

1381 2108 1513 2141 omnino
1525 2107 1749 2149 improbabilis
1768 2109 1818 2139 est
1843 2115 1851 2135 τ
1869 2105 1990 2148 quippe
2007 2105 2128 2138 nemini
2153 2105 2278 2139 malum
2292 2105 2426 2140 videtur

1381 2161 1550 2203 voluptas,
1566 2159 1645 2202 quia
1658 2168 1753 2192 nemo
1765 2158 1869 2201 ipsam
1883 2157 2088 2199 voluptatem
2100 2156 2188 2190 idem
2200 2157 2292 2200 quod
2299 2150 2426 2192 malum

1380 2222 1451 2246 esse
1470 2213 1567 2245 dicet.

1421 2272 1485 2305 Sed
1503 2271 1584 2304 nihil
1604 2270 1731 2309 obstat,
1755 2269 1932 2312 quominus
1958 2269 2112 2312 voluptas
2133 2270 2208 2302 tum
2233 2267 2358 2302 honum
2380 2269 2426 2303 sit

1381 2334 1454 2364 tum
1475 2331 1637 2373 optimum
1649 2356 1656 2366 .
1671 2329 1749 2372 quia
1765 2328 1930 2361 nonnullae
1944 2328 2132 2371 voluptates
2150 2330 2228 2361 sunt
2242 2328 2339 2362 malm
2355 2339 2364 2359 z
2379 2328 2426 2362 si-

1380 2393 1437 2423 cut
1459 2399 1517 2423 nec
1549 2398 1654 2432 quum
1683 2387 1799 2420 multae
1828 2387 1925 2420 malae
1948 2386 2014 2419 sint
2045 2387 2204 2420 doctrinae
2241 2387 2424 2430 quidquam

1380 2450 1533 2493 prohibet
1547 2475 1553 2487 ,
1574 2447 1750 2490 quominus
1764 2446 1838 2478 finis
1855 2446 2015 2479 bonorum
2028 2446 2070 2478 sit
2091 2445 2258 2492 doctrina„
2273 2447 2425 2480 Fortasse

1380 2512 1492 2542 autem
1506 2517 1571 2541 non
1585 2507 1693 2540 solum
1706 2505 1775 2538 fieri
1790 2507 1920 2548 potest,
1935 2504 1994 2538 sed
2012 2504 2113 2538 etiam
2131 2514 2264 2539 necesse
2276 2507 2340 2546 est,
2362 2514 2425 2539 vo-

1379 2569 1540 2613 luptatem
1575 2566 1675 2600 simul
1705 2574 1872 2598 summum
1911 2564 2035 2598 honum
2069 2573 2140 2598 esse
2160 2565 2259 2599 simul
2280 2565 2424 2600 maxime

1379 2627 1608 2671 expetendum.
1630 2625 1666 2659 Si
1682 2625 1769 2659 enim
1785 2624 1893 2657 omnis
1907 2623 2042 2657 habitus
2057 2625 2108 2657 est
2126 2626 2236 2663 actus,
2252 2624 2423 2658 beatitudo

1379 2695 1458 2719 vero
1483 2687 1517 2718 et
1542 2684 1577 2717 id
1602 2682 1691 2726 quod
1718 2682 1881 2725 optimum
1903 2683 2043 2715 vocatur
2073 2681 2150 2715 boni
2178 2681 2313 2715 habitus
2327 2706 2336 2721 ‚
2365 2684 2424 2715 aut

1380 2745 1479 2777 unius
1492 2742 1607 2785 optimi
1627 2743 1686 2774 aut
1699 2740 1846 2773 omnium
1864 2749 1929 2773 non
1949 2739 2129 2782 impeditus
2144 2741 2197 2773 est
2217 2741 2313 2773 actus
2333 2753 2342 2772 ε
2362 2748 2424 2772 vo-

1381 2805 1491 2846 luptas
1516 2811 1593 2835 vero
1611 2800 1746 2834 habitus
1766 2802 1895 2832 naturae
1921 2798 2129 2832 consentanei
2151 2807 2215 2831 non
2243 2798 2423 2841 impeditus

1379 2866 1429 2897 est
1448 2864 1541 2895 actus
1558 2874 1566 2893 :
1582 2869 1712 2893 necesse
1730 2859 1792 2898 erit
1820 2858 2058 2892 beatitudinem
2082 2858 2258 2900 ipsumque
2279 2857 2315 2891 id
2331 2857 2423 2902 quod

1377 2926 1427 2956 est
1445 2921 1608 2964 optimum
1621 2945 1630 2961 ,
1649 2928 1721 2952 esse
1743 2918 1958 2960 voluptatem.
1979 2921 2093 2961 Neque
2114 2920 2224 2951 tamen
2239 2917 2422 2960 quidquam

1376 2982 1486 3015 obstat
1497 3007 1504 3020 ‚
1520 2980 1610 3023 quod
1630 2979 1796 3012 nonnullae
1818 2978 2006 3020 voluptates
2024 2977 2121 3010 malae
2140 2979 2227 3010 sunt.
2251 2977 2326 3010 Jam
2343 2986 2422 3010 vero

1377 3040 1614 3074 beatitudinem
1632 3038 1814 3071 necessario
1829 3046 1902 3070 esse
1924 3038 2035 3069 actum
2046 3045 2111 3068 non
2128 3034 2324 3078 impeditum
2345 3044 2420 3068 ma-

1376 3100 1533 3134 nifestum
1546 3102 1607 3139 est,
1625 3098 1803 3142 perfectam
1815 3097 1903 3131 enim
1916 3106 1988 3129 esse
1997 3098 2128 3138 oportet
2142 3108 2151 3127 ε
2165 3095 2278 3128 nullus
2293 3097 2416 3134 autem¹

1376 3161 1433 3203 qui
1445 3159 1634 3202 impeditur,
1655 3157 1821 3201 perfectus
1838 3165 1909 3190 esse
1922 3157 2032 3199 potest
2052 3157 2148 3188 actus
2165 3164 2173 3184 ε
2191 3154 2349 3198 ideoque,
2373 3154 2421 3189 si-

2480 1934 2486 1960 i

1376 3222 1432 3252 cut
1455 3219 1489 3252 in
1508 3218 1731 3261 superioribus
1755 3215 1965 3253 dicebamus,
1995 3214 2140 3248 externis
2161 3223 2295 3257 quoque
2324 3213 2420 3247 bonis
2475 3223 2508 3251 ,ῖς

1375 3281 1447 3320 eget
1468 3277 1585 3311 beatus
1599 3302 1607 3318 ‚
1622 3286 1663 3310 ne
1676 3275 1780 3319 ipsius
1794 3277 1888 3308 actus
1900 3273 2110 3317 impediatur.
2126 3273 2192 3312 Qui
2208 3282 2289 3306 vero
2306 3273 2418 3307 homi-

265 3363 2410 3380 Μ

307 3428 322 3444 *
339 3429 384 3461 Τὸ
399 3429 434 3461 δὲ
453 3429 508 3462 τὸν
526 3429 682 3471 σώφρονα
698 3427 839 3471 φεῦγειν,
859 3427 929 3459 κτλ.
948 3442 990 3450 ·-
1005 3426 1042 3445 *⁴¹
1062 3425 1140 3467 Cap.
1167 3429 1215 3458 13.
1244 3424 1337 3458 Ἀλλὰ
1358 3426 1418 3467 μὴν
1434 3425 1484 3457 ὃτι
1503 3427 1524 3464 ἡ
1541 3425 1626 3464 λύπη
1644 3425 1714 3457 κτλ.
1735 3441 1769 3448 ‹-

1797 3423 1847 3440 ***
1865 3422 2011 3466 Ἀριστον
2028 3422 2055 3453 δ’
2078 3420 2169 3454 οὐδὲν
2187 3420 2304 3454 κωλύει
2323 3421 2394 3454 κτλ.
