2508 3776
213 332 215 334 '
246 328 368 365 ιϋὶἶται
388 326 523 376 μᾶλλον
536 355 547 376 ,
567 326 591 374 ἢ
610 327 765 380 ψέγεται.
786 329 887 370 Ἐπεὶ
906 331 967 370 καὶ
986 331 1215 385 εὖκολώτερόν

265 385 327 431 ἧς
347 385 539 430 ἀκολασίας
568 387 784 439 ἀποστῆναι,
808 388 831 437 ἢ
850 393 912 438 τῆς
934 390 1078 436 δειλίας·
1100 393 1131 431 οἱ
1151 391 1218 444 γὰρ

284 441 333 492 ί,
366 442 410 482 δι’
429 437 478 483 ὧν
502 444 547 483 τὰ
574 451 720 485 τοιαῦτα
753 453 1026 502 κατορθοῦνται,
1061 450 1121 489 ἐπὶ
1155 451 1218 502 μὲν

262 501 393 546 δειλίας
412 503 623 543 ἐπικίνδυνοί
642 506 752 554 εἰσιν,
777 507 836 559 (οἱ
865 508 932 561 γὰρ
954 509 986 546 ἐν
1009 510 1057 562 τῷ
1072 509 1217 563 πολέμῳ

272 560 326 610 οί,
347 560 408 600 καὶ
428 562 463 601 ἐν
485 562 603 607 ἄλλοις
622 563 693 603 τισὶ
719 564 897 618 φοὸεροῖς,
919 568 962 605 δι’
993 561 1041 606 ὧν
1059 567 1123 616 τὴν
1143 569 1215 607 δει-

267 619 484 672 ἐκὸάλλομεν
497 651 507 670 ,
535 625 573 662 οὗ
588 624 708 676 πόῤῥω
727 624 906 663 κινδύνων·
925 626 940 679 )
962 628 993 665 οἱ
1011 627 1048 665 δὲ
1076 627 1215 681 σώφρο-

129 678 225 723 4’κς
247 678 386 731 ἐθισμοὶ
413 679 576 725 καθάπαξ
609 681 696 720 εἷσὶν
728 681 917 722 ἀκίνδυνοι·
947 683 1038 723 ὥστε
1067 685 1128 724 καὶ
1157 685 1214 724 διὰ

102 735 271 794 'fimo
285 740 423 790 μᾶλλον
437 738 703 793 ἑκούσιόνιέστιν
728 743 751 788 ἡ
774 742 945 780 ἀκολασία
969 746 1032 790 τῆς
1052 743 1193 788 δειλίας.

119 803 206 851 {²10¹
219 794 239 813 ²
251 795 369 842 Δόξοιε
388 796 478 836 &mv
494 799 560 850 οὐχ
578 797 707 842 ὁμοίως
720 798 877 838 ἑκούσιον
895 793 985 839 εἶναι
997 801 1059 848 τὴν
1082 802 1212 840 δειλίαν

112 854 240 911 ‘⁸333‘
256 854 336 895 καθ’
355 855 516 896 ἕκαστον.
537 856 584 897 Ἣ
607 857 671 906 μὲν
696 857 765 910 γὰρ
789 858 922 908 δειλία,
944 859 1031 907 αὐτὴ
1053 861 1214 908 δηλονότι

195 911 294 970 tate,
317 914 448 960 ἄλυπός
467 917 576 955 ἐστιν·
603 918 642 955 οὗ
663 915 732 970 γὰρ
757 918 1028 970 ἀναγκαζόμεθα
1048 921 1132 972 παρ’
1153 922 1210 958 οὐ·

202 969 260 1020 ’ὃς
290 975 451 1028 λυπηροῦ
483 975 590 1014 δειλοὶ
628 969 731 1015 εἶναι·
769 976 860 1015 ὥστε
883 980 1020 1029 μᾶλλον
1053 979 1210 1017 ἑκούσιόν

199 1030 210 1086 ι]
227 1047 252 1071 ι·
269 1031 316 1072 τὰ
337 1032 373 1072 δὲ
405 1033 498 1073 κατὰ
526 1033 591 1082 τὴν
612 1035 743 1074 δειλίαν
765 1034 850 1088 ἔργα
868 1066 879 1086 ,
912 1036 935 1075 ἃ
966 1040 1133 1089 ποιοῦμεν
1154 1038 1210 1076 διὰ

152 1090 280 1144 m*
297 1091 359 1132 καὶ
379 1091 506 1146 φόὸον,
529 1092 666 1147 ἀνάγκῃ
682 1094 748 1133 τινὶ
763 1098 930 1146 ποιοῦμεν
941 1126 952 1144 ,
971 1090 1207 1144 ἥτιςέξίστησ

85 1164 225 1200 yma.
242 1152 361 1203 ἡμᾶς,
392 1150 454 1190 καὶ
483 1151 597 1191 πείθει
618 1152 661 1190 τὰ
680 1152 773 1193 ὅπλα
789 1155 928 1214 ῥίπτειν
943 1185 954 1205 ,
971 1155 1032 1195 καὶ
1050 1155 1095 1194 τὰ
1117 1157 1209 1196 ἄλλα

142 1209 399 1262 ;;ἇσχημονεῖν·
428 1209 489 1249 καὶ
510 1210 634 1250 τούτου
650 1212 754 1264 χάριν
786 1216 890 1260 ἧττον
912 1214 1055 1253 ἑκούσιά
1073 1216 1140 1253 εἰσι
1159 1215 1203 1254 τὰ

84 1269 99 1324 ’ἢ
161 1267 244 1307 καθ’
276 1267 439 1312 ἕκαστον.
461 1268 546 1307 'Eut
576 1269 612 1308 δὲ
643 1273 706 1317 τῆς
731 1272 923 1316 ἀκολασίας
956 1273 995 1312 τὸ
1032 1273 1206 1314 ἀνάπαλιν

77 1338 98 1374 ζ,
160 1324 252 1380 ἔχει.
275 1327 398 1375 Αὐτὴν
417 1326 480 1379 μὲν
499 1326 564 1375 τὴν
585 1329 778 1369 ἀκολασίαν
799 1331 907 1376 οὐδεὶς
922 1333 1101 1383 ἐπιθυμεῖ,
1126 1334 1204 1373 οὐδὲ

88 1405 106 1420 a·
137 1384 330 1442 ⁴fjpoffltsim(
347 1401 399 1432 τις
418 1387 611 1432 ἀκόλαστος
631 1382 734 1427 εἶναι·
755 1389 799 1428 τὰ
818 1389 854 1428 δὲ
875 1390 967 1430 κατὰ
984 1394 1047 1439 τὴν
1075 1393 1208 1432 ἀκολα-

134 1442 146 1457 ‘
159 1440 239 1506 αἷσιν
258 1441 344 1500 ἔργα
362 1445 497 1502 σφόδρα
517 1447 718 1500 ὀρεγόμενοι
737 1454 907 1489 ποιοῦσιν·
927 1451 1019 1490 ὥστε
1037 1451 1102 1502 τὴν
1123 1455 1208 1493 ἀκο-

156 1497 286 1548 Rei-nv
313 1498 598 1559 {uovjxodmov
618 1501 708 1547 εἶναι
726 1511 796 1547 τῶν
812 1511 889 1548 καθ’
907 1510 1057 1550 ἕκαστα.

72 1607 94 1621 x
212 1561 251 1581 *¹*
269 1565 387 1604 Τοῦτο
394 1563 434 1604 δὲ
446 1565 486 1604 τὸ
498 1565 609 1617 ὄνομα
619 1569 681 1614 τῆς
695 1569 888 1613 ἀκολασίας
901 1569 961 1608 καὶ
975 1570 1033 1609 ἐπὶ
1049 1570 1112 1616 τὰς
1126 1587 1209 1611 παι-

76 1620 257 1681 {³3¹'ffl5
274 1622 452 1676 ἁμαρτίας
470 1623 639 1678 φέρομεν,
660 1626 720 1664 καὶ
752 1626 831 1671 τοὺς
845 1627 1114 1681 ἁμαρτάνοντας
1134 1633 1204 1670 τῶν

67 1685 86 1735 ζ·
187 1680 294 1725 ”ἴδων
310 1683 526 1728 ἀκολάστους
546 1686 736 1734 καλοῦμεν.
754 1682 909 1739 Ἔχουσι
926 1687 995 1740 γὰρ
1025 1691 1062 1728 αἱ
1085 1695 1206 1730 τοιαῦ-

67 1745 217 1797 2me
249 1741 423 1795 ἁμαρτίαι
438 1741 525 1797 πρὸς
549 1741 613 1791 τὴν
642 1744 832 1797 εἰρημένην
862 1745 1056 1785 ἀκολασίαν
1086 1748 1205 1799 ὁμοιό-

124 1798 248 1853 2515!qu
265 1812 358 1840 τινα·
381 1801 526 1856 πότερον
553 1802 590 1841 δὲ
610 1801 680 1842 ἀπὸ
696 1803 844 1857 ποτέρου
865 1806 1054 1854 καλεῖται,
1074 1807 1204 1856 ζητεῖν,

63 1856 107 1895 θ’
132 1858 256 1909 -ἷῇσΰδὲν
275 1859 362 1912 πρὸς
377 1860 436 1900 τὸν
462 1860 566 1914 λόγον
589 1861 649 1901 τὸν
670 1861 900 1915 προκείμενον
920 1865 1089 1903 συντελεῖ·
1108 1865 1204 1912 πλὴν

74 1967 96 1975 .„
128 1911 268 1975 ’ἷιιεῗνο
280 1919 392 1959 εἰπεῖν
409 1919 499 1964 εἰκός
511 1949 522 1970 ,
542 1920 594 1960 ὅτι
625 1920 665 1959 τὸ
681 1920 826 1974 ὕστερον
856 1921 928 1961 ἀπὸ
948 1927 1010 1962 τοῦ
1032 1924 1203 1978 προτέρου

72 1976 106 2018 ᾲ
143 1975 340 2019 caelebem
371 1980 508 2030 μᾶλλον
527 1979 723 2033 προσήκει,
756 1981 817 2020 καὶ
846 1981 917 2021 ἀπὸ
938 1984 1006 2022 τῶν
1027 1984 1200 2023 παιδικῶν

135 2036 336 2091 ‘daupi-252
347 2038 407 2077 ἐπὶ
423 2039 557 2087 ταύτην
577 2039 641 2087 τὴν
657 2040 849 2079 ἀκολασίαν
867 2041 907 2080 τὸ
929 2040 1040 2092 ὄνομα
1065 2058 1203 2092 μετενε-

153 2098 298 2148 χθῆναι.
317 2094 440 2136 Ἕοικε
455 2097 492 2137 δὲ
509 2099 547 2137 οὔ
567 2100 700 2146 κακῶς,
723 2098 815 2137 ἀλλὰ
829 2100 888 2139 καὶ
904 2099 984 2139 λίαν
1006 2101 1204 2153 προσηκόν-

155 2170 225 2199 τως
241 2159 491 2208 μετενεχθῆναι
503 2156 544 2196 τὸ
554 2156 679 2207 ὄνομα·
695 2157 814 2211 ὥσπερ
828 2158 895 2211 γὰρ
911 2159 1068 2205 κολάζειν
1084 2160 1135 2199 δεῖ
1146 2160 1207 2201 τὸν

155 2214 268 2253 παῖδα
286 2216 357 2254 τῶν
381 2217 538 2269 αἰσχρῶν
568 2216 795 2269 ὀρεγόμενον,
817 2219 878 2256 καὶ
895 2219 1096 2258 συστέλλειν
1120 2219 1203 2259 εἴσω

151 2275 214 2313 τοῦ
238 2273 384 2328 μετρίου
402 2274 466 2321 τὴν
497 2274 607 2329 ὄρεξιν
632 2278 758 2324 αὐτοῦ,
785 2275 874 2314 οὕτω
910 2277 970 2315 καὶ
990 2276 1053 2324 τὴν
1080 2278 1201 2317 ἐπιθυ-

53 2350 84 2395 ”51
152 2331 238 2388 μίαν
255 2333 499 2373 κεκολάσθαι·
525 2335 600 2383 δεῖ,
623 2334 759 2382 πολλὴν
789 2335 934 2384 αὔξησιν
949 2337 1122 2389 ἔχουσαν.
1146 2336 1199 2378 Ὅ

49 2392 93 2437 ᾗ,
147 2389 220 2431 ἦ·
237 2390 308 2446 γὰρ
332 2393 435 2442 παῖς,
456 2394 488 2431 εἰ
514 2392 564 2443 μὴ
591 2395 879 2446 παιδαγωγοῗτο,
913 2394 978 2442 τὴν
1003 2395 1114 2448 ὄρεξιν
1135 2401 1198 2435 τοῦ

127 2447 254 2500 ,ᾑᾷέος
273 2450 456 2499 ἄπληστον
478 2451 593 2504 ἔχων,
619 2453 680 2496 καὶ
699 2454 856 2504 μάλιστα
881 2453 938 2492 διὰ
957 2454 1020 2502 τὴν
1044 2454 1198 2505 ἡλικίαν,

46 2506 88 2554 ζ
125 2505 219 2557 ,ξω
234 2513 296 2553 τοῦ
320 2509 456 2555 δέοντος
482 2511 657 2550 πεσεῖται·
676 2511 700 2560 ἥ
723 2528 760 2551 τε
787 2512 978 2564 ἐπιθυμία,
1000 2515 1030 2553 εἰ
1053 2514 1103 2564 μὴ
1131 2514 1198 2553 ὑπὸ

41 2565 74 2621 ζ’
129 2567 256 2621 λόγου
279 2567 484 2618 κολάζοιτο,
518 2569 577 2608 ἐπὶ
606 2570 696 2609 πολὺ
716 2571 807 2619 ἥξει·
828 2571 889 2611 καὶ
924 2572 993 2612 ὑπὸ
1019 2575 1087 2612 τῶν
1118 2575 1197 2612 κατ’

46 2662 78 2678 4
149 2625 339 2681 ἰπιθυμίαν
367 2629 551 2682 ἐνεργειῶν
580 2629 820 2682 αὐξανομένη,
850 2630 911 2669 καὶ
937 2630 997 2669 τὸν
1027 2631 1196 2683 λογισμὸν

88 2684 308 2742 ,ῢζιῖκκροῦσι
325 2688 511 2734 πολλάκις.
531 2688 596 2728 Διὸ
613 2689 665 2728 δεῖ
686 2690 832 2742 μετρίας
848 2689 911 2734 τὰς
925 2690 1113 2741 ἐπιθυμίας
1133 2706 1196 2730 και

44 2738 380 2802 Ἰ[ξ”γ-«ῧιίιγιις-ἰίνιιιι
395 2778 406 2797 ,
427 2747 488 2787 καὶ
507 2750 558 2801 τῷ
579 2747 674 2801 λόγῳ
702 2749 812 2799 μηδὲν
840 2751 1098 2790 ἐναντιοῦσθαι.
1120 2750 1196 2793 Τὰς

47 2792 359 2864 gss-jflfssrotm'nac
375 2807 545 2850 εὐπειθεῖς
564 2806 711 2858 λέγομεν
729 2807 790 2846 καὶ
809 2807 1083 2858 κεκολασμένας·
1104 2807 1196 2847 ὥστε

49 2858 288 2925 ’ῖὲξὲἶκότως
301 2866 499 2905 τούναντίον
519 2865 577 2905 ἐπί
599 2881 637 2904 τε
656 2868 726 2905 τῶν
747 2866 883 2906 παίδων
911 2866 972 2905 καὶ
994 2870 1056 2914 τῆς
1070 2868 1194 2906 ἐπιθυ-

43 2919 99 2979 'fij
121 2907 234 2976 {idne
261 2923 438 2964 ἀκολασία
465 2926 640 2966 καλεῖται.
675 2925 818 2979 ’Ὠσπερ
839 2925 906 2979 γὰρ
935 2924 994 2964 τὸν
1014 2927 1124 2965 παῖδα
1142 2927 1192 2965 δεῖ

46 2973 102 3030 Ῑῖί
145 2983 239 3024 κατὰ
256 2983 298 3022 τὸ
319 2983 530 3037 πρόσταγμα
549 2988 610 3024 τοῦ
639 2985 867 3036 παιδαγωγοῦ
903 2987 965 3032 ζῆν
978 3014 989 3033 ,
1011 2985 1102 3024 οὕτω
1131 2985 1193 3025 καὶ

26 3043 92 3086 ’κῇ
119 3038 452 3095 μηδ’ἐπιθυμητικὸν
471 3044 563 3084 κατὰ
582 3044 641 3084 τὸν
666 3044 781 3098 λόγον·
800 3045 851 3084 διὸ
866 3044 918 3083 δεῖ
935 3047 995 3083 τοῦ
1018 3044 1192 3098 σώφρονος

33 3111 78 3156 ,ξ’
95 3132 98 3133 ⁷
122 3101 187 3147 [ναὶ
216 3102 468 3155 ἐπιθυμητικὸν
505 3109 703 3158 συμφωνεῖν
742 3106 793 3156 τῷ
824 3102 929 3156 λόγῳ·
962 3104 1091 3148 σκοπὸς
1124 3105 1192 3157 γὰρ

27 3191 45 3207 s
95 3170 98 3175 '
123 3162 275 3216 μᾶμροῖν
291 3162 332 3205 τὸ
353 3161 475 3203 καλόν.
508 3163 765 3214 Καὶ-ἐπιθυμεῖ
788 3166 806 3203 ὃ
824 3162 971 3215 σώφρων
992 3156 1040 3201 ὧν
1061 3163 1115 3201 δεῖ
1130 3164 1190 3202 καὶ

53 3219 56 3220 ’
119 3222 220 3267 ειὸςθ
235 3221 308 3272 δεῖ,
330 3221 392 3262 καὶ
411 3222 483 3262 ὅτε·
501 3221 592 3263 οὕτω
612 3222 649 3262 δὲ
667 3222 786 3262 τάττει
807 3221 868 3261 καὶ
886 3224 903 3260 ὁ
924 3220 1035 3272 λόγος.
1076 3223 1190 3262 Ταῦτ’

19 3276 22 3283 ’
123 3324 128 3328 ,
145 3272 205 3320 οἶν
222 3281 309 3332 ἡμῖν
324 3281 476 3336 εἰρήσθω
496 3283 576 3333 περὶ
590 3281 827 3335 σωφροσύνης.

201 3338 368 3394 (Scripsi
389 3357 400 3380 ε
420 3354 436 3372 ⁸
450 3341 687 3392 κεκολάσθαι]
706 3342 795 3381 cod.
817 3342 1045 3381 κεκολᾶσθαι.
1069 3362 1124 3370 -
1138 3355 1154 3379 b
1167 3340 1190 3380 ὅ

146 3397 207 3449 τε]
229 3399 349 3452 vulgo
363 3398 403 3449 ὅ,
423 3415 475 3440 τε.
496 3422 577 3440 —c
596 3401 666 3453 ὡς]
691 3401 777 3440 cod.
802 3400 858 3444 ὣς.
880 3405 952 3446 -]

666 241 969 284 ETHICORUM
998 243 1446 288 NICOMACHEORUM
1476 249 1850 292 PARAPHRASIS.

2244 257 2322 295 373

1280 340 1385 381 magis
1406 341 1534 375 laudari
1550 345 1609 376 aut
1621 344 1815 386 vituperari.
1848 346 1933 379 Nam
1953 346 2055 379 etiam
2071 345 2202 379 facilius
2219 349 2269 379 est
2283 348 2324 380 ab

1279 392 1531 437 intemperantia
1559 396 1735 437 desistere,
1775 407 1877 440 quam
1904 408 1924 431 a
1956 399 2134 432 timiditate
2168 412 2177 432 :
2202 400 2325 442 quippe

1279 449 1499 489 consuetudo,
1518 459 1586 492 qua
1609 452 1772 493 eJusmodi
1795 451 1878 485 vltia
1896 452 2130 493 emendantur,
2152 453 2180 486 si
2195 452 2324 486 timidi-

1279 501 1383 533 tatem
1411 504 1556 544 spectes,
1590 512 1668 536 cum
1696 504 1842 547 periculo
1868 505 2042 546 conjuncta
2065 508 2127 545 est,
2147 505 2326 548 (nimirum

1278 552 1453 595 abjiciendi
1471 555 1599 589 timoris
1620 556 1822 590 consuetudo
1834 582 1842 596 ,
1863 567 1965 600 quam
1979 558 2013 590 in
2025 557 2112 591 bello
2131 560 2190 592 aut
2208 558 2272 592 alia
2288 567 2325 591 re

1279 603 1418 637 terribili
1444 606 1653 646 asciscimus,
1685 617 1750 641 non
1781 608 1876 650 longe
1900 617 1920 641 a
1941 608 2087 650 periculo
2108 609 2202 642 abest
2233 609 2266 651 :)
2296 610 2326 643 si

1277 665 1503 706 temperantiae
1530 668 1691 701 rationem
1712 668 1911 707 habeamus,
1941 668 2073 701 omnino
2093 670 2250 711 periculis
2264 680 2325 704 va—

1277 717 1331 748 cat
1351 729 1360 749 ι
1378 726 1482 759 quare
1499 719 1541 752 ob
1554 719 1639 752 hanc
1658 728 1791 761 quoque
1805 728 1939 752 causam
1954 719 2206 762 intemperantia
2221 721 2325 762 magiS

1275 772 1463 808 voluntaria
1476 778 1542 814 est,
1556 785 1657 818 quam
1673 776 1847 809 timiditas.

1255 860 1258 864 ,
1317 826 1381 858 Sed
1408 829 1448 859 ut
1464 836 1537 860 mea
1563 827 1629 860 fert
1649 828 1770 870 opinio,
1803 829 1900 862 aliter
1918 829 2081 863 timiditas
2105 831 2221 872 sponte
2251 839 2325 863 con-

1275 877 1431 917 trahitur,
1449 878 1546 911 aliter
1559 889 1614 912 res
1629 880 1774 922 singulas
1794 883 1909 923 sponte
1934 884 2048 914 nostra
2063 882 2321 916 extimescimus.

1273 929 1448 963 Timiditas
1470 931 1576 969 enim,
1601 932 1671 973 ipse
1693 932 1849 966 videlicet
1866 934 2020 973 habitus,
2057 935 2181 968 doloris
2206 944 2325 977 expers

1273 984 1324 1014 est
1356 994 1364 1014 z
1392 992 1499 1025 neque
1518 984 1604 1016 enim
1636 985 1705 1017 ulla
1729 985 1894 1027 reperitur
1915 986 2069 1019 molestia
2087 995 2164 1028 quae
2190 997 2251 1020 nos
2276 988 2322 1020 ti-

1272 1034 1380 1066 midos
1397 1044 1469 1067 esse
1490 1037 1584 1076 cogat
1608 1045 1615 1064 =
1634 1036 1748 1078 itaque
1764 1038 1869 1078 magis
1889 1047 1907 1070 e
1923 1040 2036 1071 nostra
2050 1039 2222 1072 voluntate
2238 1048 2322 1081 pen-

1272 1086 1328 1119 det
1347 1096 1354 1115 :
1375 1089 1409 1119 at
1426 1096 1503 1120 vero
1518 1087 1709 1120 timiditatis
1728 1098 1836 1130 opera,
1856 1099 1934 1131 quae
1955 1092 2090 1132 propter
2103 1091 2251 1124 dolorem
2269 1093 2324 1124 vel

1271 1141 1399 1172 metum
1426 1140 1588 1181 gerimus,
1618 1140 1814 1174 necessitate
1838 1142 1941 1174 coacti
1971 1141 2129 1181 facimus,
2158 1152 2235 1185 quae
2263 1154 2324 1177 nos

1271 1194 1474 1238 stupefactos
1490 1194 1638 1235 adducit,
1653 1196 1692 1227 ut
1709 1204 1801 1227 arma
1814 1194 2008 1236 abjiciamus
2020 1195 2152 1238 aliaque
2169 1196 2324 1230 indecora

1271 1250 1519 1282 committamus
1542 1258 1550 1278 τ
1591 1247 1732 1291 ideoque
1755 1257 1808 1281 res
1834 1248 1971 1290 singulae
1995 1248 2106 1280 minus
2128 1249 2324 1283 voluntariae

1270 1312 1342 1336 esse
1360 1302 1526 1335 videntur.
1547 1302 1585 1333 In
1598 1300 1852 1343 intemperantia
1877 1310 1957 1333 vero
1987 1300 2190 1333 contrarium
2216 1301 2319 1334 valet.

1270 1356 1379 1397 Ipsam
1397 1354 1534 1397 quidem
1554 1354 1843 1396 intemperantiam
1863 1364 1960 1388 nemo
1978 1354 2085 1397 cupit,
2112 1364 2220 1397 neque
2233 1356 2323 1398 quis-

1272 1419 1374 1452 quam
1399 1409 1622 1450 intemperans
1638 1418 1710 1442 esse
1736 1409 1827 1447 vult,
1857 1409 1916 1442 sed
1938 1409 2202 1451 intemperantiae
2222 1419 2321 1451 opera

1270 1462 1481 1505 cupidissime
1492 1461 1620 1495 faciunt
1630 1489 1637 1501 ‚
1664 1462 1712 1494 ita
1725 1464 1764 1495 ut
1780 1462 2035 1504 intemperantia
2050 1462 2162 1495 minus
2179 1472 2197 1495 e
2208 1465 2322 1496 nostra

1269 1516 1442 1550 voluntate
1467 1515 1627 1557 pendeat,
1649 1524 1752 1558 quam
1773 1524 1828 1548 res
1845 1516 1993 1558 singulae.

1310 1576 1380 1607 Hoc
1400 1575 1514 1607 autem
1541 1574 1805 1616 intemperantiae
1837 1583 1958 1607 nomen
1981 1574 2024 1607 ad
2052 1574 2192 1616 puerilia
2218 1574 2318 1607 etiam

1269 1635 1379 1666 errata
1392 1631 1640 1671 transferimus,
1658 1641 1846 1674 puerosque
1860 1632 1919 1675 qui
1938 1634 2076 1674 peccant
2094 1632 2321 1675 intemperan-

1268 1694 1320 1726 tes
1337 1692 1390 1726 vel
1417 1691 1559 1726 lascivos
1575 1692 1795 1725 nominamus.
1816 1694 1967 1735 Namque
1996 1693 2189 1735 hujusmodi
2209 1695 2318 1726 errata

1268 1752 1312 1786 ad
1344 1752 1417 1794 ejus
1451 1751 1494 1785 de
1522 1760 1591 1794 qua
1628 1751 1737 1793 agitur
1774 1751 2038 1794 intemperantiae
2066 1751 2320 1786 similitudinem

1267 1811 1436 1855 quandam
1465 1810 1654 1844 accedunt:
1683 1812 1802 1844 utrum
1831 1819 1912 1845 vero
1942 1810 1984 1844 ab
2007 1812 2085 1844 utro
2114 1811 2315 1853 appelletur,

1266 1881 1373 1915 quum
1388 1871 1432 1904 ad
1452 1870 1646 1904 institutum
1668 1871 1820 1903 nostrum
1845 1879 1912 1903 non
1928 1868 2045 1910 faciat,
2065 1879 2216 1913 quaerere
2234 1871 2319 1904 nihil

1267 1931 1388 1965 attinet
1406 1940 1414 1961 ε
1435 1930 1501 1964 nisi
1526 1929 1613 1964 forte
1635 1930 1802 1972 posterius
1822 1940 1842 1963 a
1856 1930 1959 1972 priori
1981 1930 2094 1972 potius
2114 1930 2319 1964 denominari

1265 1991 1445 2025 verisimile
1470 1999 1542 2023 esse
1570 1989 1748 2023 dicendum
1768 1992 1830 2031 est,
1849 1991 1950 2032 atque
1977 1989 2059 2023 adeo
2087 2000 2106 2023 a
2130 1990 2317 2032 puerilibus

1266 2050 1384 2083 erratis
1402 2051 1445 2083 ad
1459 2050 1545 2083 hanc
1568 2049 1858 2092 intemperantiam
1880 2049 2080 2082 translatum
2094 2058 2166 2082 csse
2183 2059 2315 2083 nomen.

1264 2110 1332 2143 Nec
1351 2118 1429 2142 sane
1442 2109 1546 2150 male,
1563 2109 1621 2141 sed
1634 2107 1816 2141 admodum
1834 2107 2068 2140 convenienter
2083 2108 2156 2140 haec
2176 2107 2314 2141 transla-

1264 2168 1313 2201 tio
1322 2167 1456 2201 videtur
1470 2175 1541 2200 esse
1561 2165 1650 2199 facta
1667 2178 1675 2198 ε
1690 2168 1730 2198 ut
1745 2165 1834 2198 enim
1855 2174 1996 2207 puerum
2023 2165 2133 2207 turpia
2157 2167 2316 2207 appeten-

1264 2221 1334 2253 tem
1357 2220 1511 2262 eastigari
1526 2221 1656 2262 oportet
1669 2243 1678 2261 ‚
1692 2220 1831 2261 ejusque
1856 2219 2027 2252 libidinem
2046 2219 2143 2261 quasi
2163 2220 2316 2253 cancellis

1263 2274 1548 2318 circumscriptam
1561 2273 1728 2306 coerceri:
1747 2273 1795 2305 ita
1819 2273 2003 2315 appetitum
2022 2273 2152 2315 longius
2168 2282 2313 2316 evagan-

1264 2332 1333 2363 tem
1347 2329 1508 2372 c-astigare
1525 2337 1586 2361 nos
1603 2327 1709 2360 decet.
1735 2327 1866 2360 Etenim
1885 2337 1977 2370 puer,
1991 2327 2055 2359 nisi
2074 2326 2244 2367 educetur,
2260 2328 2314 2361 in-

1263 2382 1407 2417 satiabili
1418 2382 1630 2424 voluptatum
1646 2381 1828 2423 cupiditate
1848 2381 2013 2420 incensus,
2030 2381 2211 2423 etquidem
2224 2392 2312 2425 prae-

1263 2437 1357 2479 cipue
1373 2436 1415 2469 ob
1439 2438 1591 2474 aetatem,
1616 2435 1714 2468 facile
1736 2434 1883 2468 officium
1910 2435 2041 2468 deserat
2054 2444 2066 2464 -t
2093 2438 2127 2469 et
2146 2436 2312 2478 cupiditas

1260 2490 1324 2523 nisi
1337 2490 1464 2522 ratione
1477 2489 1667 2531 castigetur,
1683 2489 1871 2531 longissime
1888 2490 2087 2531 processerit
2106 2490 2310 2532 :quinetiam

1261 2543 1341 2577 dum
1373 2541 1523 2584 quotidie
1556 2541 1743 2575 actionibus
1772 2551 1814 2575 ex
1842 2541 1980 2575 libidine
2016 2542 2179 2585 susceptis
2209 2543 2311 2576 latius

1260 2597 1380 2639 serpit,
1397 2604 1484 2638 saepe
1500 2595 1602 2628 etiam
1623 2598 1770 2629 mentem
1782 2605 1821 2629 ac
1840 2596 2001 2630 rationem
2018 2596 2060 2630 de
2082 2606 2142 2629 sua
2156 2596 2233 2630 sede
2249 2596 2310 2631 de-

1259 2650 1366 2684 trudit
1379 2659 1418 2682 ae
1437 2649 1604 2683 deturbat.
1622 2651 1733 2687 Quare
1751 2651 1784 2682 et
1802 2648 1986 2683 mediocres
2011 2651 2045 2682 et
2069 2658 2192 2691 paucas
2216 2659 2311 2693 opor.

1259 2707 1309 2739 tet
1329 2714 1400 2738 esse
1415 2703 1614 2746 cupiditates
1625 2729 1634 2744 ,
1655 2707 1689 2737 et
1708 2713 1784 2746 quae
1801 2713 1878 2736 cum
1895 2705 1988 2736 recta
2009 2703 2137 2737 ratione
2163 2714 2227 2737 non
2244 2716 2309 2748 pu-

1258 2761 1368 2802 gnent.
1387 2757 1483 2791 Tales
1495 2759 1607 2791 autem
1619 2757 1810 2790 obedientes
1829 2759 1862 2790 et
1879 2757 2058 2799 castigatas
2072 2757 2277 2800 appellamus
2297 2769 2305 2789 ε

1258 2813 1345 2846 unde
1369 2821 1434 2845 non
1457 2811 1624 2844 immerito
1640 2810 1842 2844 contrarium
1871 2812 1942 2842 tam
1967 2811 2003 2843 in
2020 2810 2132 2853 pueris
2152 2820 2254 2852 quam
2272 2810 2308 2843 in

1258 2866 1441 2909 cupiditate
1459 2863 1723 2907 intemperantiae
1749 2863 1881 2896 nomine
1901 2865 2047 2896 notatur.
2064 2865 2108 2895 Ut
2122 2863 2211 2896 enim
2225 2872 2307 2905 puer

1257 2930 1298 2954 ex
1317 2919 1487 2963 paedagogi
1503 2918 1698 2962 praescripto
1715 2918 1840 2957 vivere,
1866 2917 1912 2951 sic
1934 2919 1968 2951 et
1986 2918 2038 2951 vis
2054 2918 2305 2960 concupiscendi

1256 2974 1483 3015 obtemperare
1495 2971 1615 3004 rationi
1629 2971 1728 3004 debet
1743 2984 1750 3003 :
1767 2971 1922 3013 quocirca
1934 2970 2033 3004 debet
2042 2971 2076 3003 in
2088 2970 2160 3003 viro
2176 2973 2304 3013 tempe-

1254 3030 1349 3061 rante
1366 3037 1443 3060 eum
1458 3026 1585 3059 ratione
1600 3024 1771 3057 concinere
1797 3034 1835 3057 ea
1856 3033 1934 3067 pars
1954 3023 2055 3056 animi
2070 3032 2146 3066 quae
2163 3023 2206 3056 ad
2225 3033 2304 3057 con-

1255 3080 1487 3123 cupisccndum
1500 3079 1591 3112 valet
1610 3078 1710 3121 :quia
1734 3078 1868 3121 utrique
1887 3077 2093 3121 propositum
2126 3079 2177 3110 est
2198 3078 2303 3111 hone-

1254 3136 1354 3166 stum.
1379 3133 1507 3175 Quippe
1525 3132 1652 3175 appetit
1673 3133 1860 3174 temperans
1881 3141 1957 3174 qua}
1973 3133 2103 3173 oportet
2116 3131 2240 3169 omnia,
2268 3134 2301 3163 et

1253 3187 1535 3231 quemadmodum
1565 3188 1684 3229 etque
1710 3188 1859 3228 ternpore
1883 3187 2013 3228 oportet
2036 3197 2043 3216 :
2065 3185 2128 3217 hoc
2150 3184 2237 3217 enim
2266 3186 2300 3221 et

1252 3243 1337 3275 ratio
1349 3241 1544 3284 praescribit.
1563 3243 1672 3284 Atque
1693 3240 1767 3273 haec
1791 3239 1926 3282 quidem
1946 3239 1987 3272 de
2003 3237 2220 3281 temperantia
2237 3246 2298 3270 no-

1250 3297 1302 3330 bis
1317 3297 1405 3330 dicta
1421 3296 1498 3331 sint.

185 3510 201 3527 ¹*
218 3511 327 3549 Δὸξειέ
343 3513 372 3544 τ’
393 3513 432 3546 ἂν
446 3513 508 3555 ὀὐχ
521 3513 640 3554 ὁμοίως
651 3513 802 3546 ἑκούσιον
817 3515 837 3552 ἡ
849 3512 951 3546 δειλία
964 3512 1048 3545 εἶναι
1062 3519 1132 3546 κτλ.
1146 3528 1189 3536 --
1200 3510 1237 3544 ff*
1255 3511 1334 3554 Gap.
1355 3513 1426 3545 ΧΠ.
1448 3513 1493 3558 Τὸ.
1509 3512 1537 3544 δ’
1555 3511 1661 3554 ὄνομα
1677 3514 1733 3549 τῆς
1747 3508 1923 3546 ἀκολασίας
1942 3508 2011 3539 Ἀτλ-
