2508 3776
293 341 309 349 -ι
349 319 420 357 τῶν
441 319 559 358 καλῶν
588 319 659 359 ἀπὸ
677 320 819 370 ταύτης·
854 322 1134 375 ἐγκωμιάζονται
1162 325 1199 365 δὲ

269 378 287 390 Γ·
327 377 456 428 ὁμοίως
483 378 523 417 τὸ
541 379 674 431 ἀγαθοί,
698 380 744 419 τά
764 396 803 420 τε
828 383 1039 434 σωματικά,
1066 384 1128 423 καὶ
1154 385 1200 425 τὰ

293 435 379 486 ,ὅτι
402 437 489 491 πρός
517 453 552 477 τι
576 438 675 483 τέλος
698 439 861 493 φέρουσιν
882 441 1024 518 ἀγαθόν·
1047 443 1134 492 αὐτὴ
1163 443 1199 483 δὲ

192 494 406 548 ἣῦδαιμονία
432 499 496 536 οὐκ
517 497 558 538 ἂν
582 501 794 549 ἐπαινεθείη·
821 503 860 540 οὐ
884 501 954 556 γὰρ
982 502 1068 556 πρός
1091 520 1126 542 τι
1145 504 1199 543 τέ-

128 582 182 614 23:
231 555 367 609 ἆγαθὸν
390 557 502 612 φέρει·
528 557 617 607 αὐτὴ
645 561 715 614 γάρ
745 563 822 599 ἐστι
850 561 890 600 τὸ
914 561 1063 615 ἔσχατον
1084 563 1199 613 τέλος,

108 612 272 666 aaa&
290 616 444 670 εἴρηται.
487 617 596 658 Ἀλλὰ
615 618 656 658 τὸ
677 619 742 671 μὲν
759 620 838 694 περ)
872 620 1025 661 ἐπαίνων
1054 621 1114 662 καὶ
1143 625 1199 675 ἔγ-

107 673 295 730 κωμίων
314 675 428 730 λέγειν
460 676 549 717 τίσιν
576 677 764 732 ἁρμόττει,
783 680 847 719 οὔκ
871 678 965 719 ἔστιν
991 683 1075 732 ἡμῖν
1106 698 1199 735 προ-

114 734 319 791 Γκιίμενον
347 734 556 790 οἰκειότερον
581 736 652 791 γὰρ
691 737 821 782 αλλοις·
850 740 942 813 ἠΉμῖν
969 739 1005 778 δὲ
1031 739 1114 794 περὶ
1133 745 1195 780 τοῦ·

93 794 377 850 κροκιιμένου
397 794 532 850 ῥητέον.
553 795 737 837 Φαίνεται
760 796 825 849 μὲν
844 792 902 837 ουν
922 796 993 836 ἀπο
1012 801 1082 838 τῶν
1098 801 1196 852 εἷρη-

80 851 282 909 μένων
309 851 366 894 ὅτι
398 853 473 894 ἐστὶ
491 855 562 894 τῶν
591 854 719 907 τιμίων
745 855 807 895 καὶ
843 856 1000 896 τελείων·
1036 858 1198 912 φαίνεται

191 912 274 975 ,καὶ
297 912 398 968 ἀρχὴ
427 913 487 954 καὶ
509 913 605 954 αἰτία
634 917 704 954 τῶν
732 914 848 955 ἄλλων
879 918 1032 969 ἀγαθῶν·
1068 916 1197 966 ταύτης

68 979 73 984 ”
100 963 170 986 ‘⁶‘
191 968 333 1029 χᾶριν
363 972 409 1012 τὰ
437 972 531 1013 ἄλλα
550 974 766 1028 πράττομεν·
788 974 853 1024 τὴν
881 975 917 1014 δὲ
938 975 1051 1030 ἀρχὴν
1075 977 1136 1017 καὶ
1157 978 1196 1018 τὸ

273 1048 343 1072 των
363 1034 504 1087 ἀγαθῶν
531 1033 650 1086 τίμιον
677 1033 738 1073 καὶ
759 1036 850 1074 θεῖον
873 1034 1030 1086 τίθεμεν.

162 1096 365 1166 mgb‘cripsi
381 1113 391 1138 ε
409 1099 431 1122 *
453 1098 511 1139 οἵα
528 1099 643 1152 ἐστὶν]
659 1100 779 1152 vulgo
799 1095 856 1139 οἶοί
872 1103 978 1145 ἐστιν.
998 1102 1076 1155 -)

586 1233 676 1284 Κεφ.
709 1231 758 1272 κ’.

180 1324 267 1368 Περὶ
285 1324 416 1369 ἀρετῆς·
434 1324 467 1358 ἐν
486 1321 512 1371 ᾧ
526 1325 582 1358 καὶ
597 1326 673 1369 περὶ
690 1327 758 1359 τῶν
773 1327 940 1369 δυνάμεων
953 1331 1010 1367 τῆς
1024 1328 1135 1370 ψυχῆς.

167 1428 171 1437 ‘
193 1423 218 1447 ⁴·
236 1421 345 1464 Ἐπεὶ
362 1423 400 1463 δέ
418 1421 513 1463 ἐστιν
530 1426 552 1472 ἡ
570 1424 776 1476 εὐδαιμονία
801 1427 917 1478 ψυχῆς
932 1425 1087 1479 ἐνέργεια
1111 1427 1193 1466 κατ’

142 1483 271 1538 ἀρετὴν
289 1483 451 1532 τελείαν,
480 1483 693 1537 σκεψώμεθα
720 1484 800 1538 περὶ
819 1487 883 1532 τῆς
911 1486 1050 1538 ἀρετῆς·
1080 1489 1102 1534 ἠ
1124 1486 1192 1540 γὰρ

55 1550 93 1587 ’,ιι
140 1542 224 1596 περὶ
252 1544 361 1590 αὐτῆς
391 1542 514 1596 σκέψις
534 1543 746 1597 σαφέστερον
777 1543 919 1591 ποιήσει
947 1544 1006 1583 τὸν
1025 1543 1106 1597 περὶ
1133 1549 1194 1593 τῆς

60 1597 91 1642 ’,ἶ
139 1598 364 1657 ε’,ὓδαιμονίας
384 1600 500 1653 λόγον.
522 1602 700 1642 Φαίνεται
719 1601 775 1650 δέ,
790 1603 844 1640 ὅτι
863 1602 923 1641 καὶ
942 1604 961 1641 ὃ
988 1603 1082 1642 κατὰ
1105 1603 1192 1650 ἀλή-

54 1676 88 1713 ,li
124 1662 235 1717 ,Cum
262 1659 442 1705 πολιτικὸς
460 1661 541 1713 περὶ
563 1662 672 1708 αὖτης
692 1659 895 1700 σκέπτεται·
925 1660 1089 1714 βούλεται
1122 1661 1192 1715 γὰρ

47 1710 101 1771 >33²²
136 1708 286 1780 ἆγμθοὺς
300 1721 412 1760 ποιεῖν
432 1718 511 1764 τους
529 1719 675 1764 πολίτας
688 1719 750 1759 καὶ
771 1722 842 1758 τῶν
862 1718 979 1770 νόμων
998 1719 1188 1768 ὑπηκόους,

135 1778 296 1837 καθάπερ
315 1780 347 1818 οἱ
373 1780 523 1832 Κρητῶν
559 1795 620 1818 και
650 1781 748 1819 Λακε
752 1778 943 1830 δαιμονίων
976 1779 1190 1830 νομοθέται,

67 1871 70 1890 7
85 1871 87 1874 .
136 1828 212 1897 15ᾳΓὶ
215 1838 250 1879 εἴ
263 1854 353 1885 τινες
365 1837 479 1894 ἕτεροι
497 1842 647 1879 τοιοῦτοι
665 1838 883 1891 γεγένηνται·
900 1838 994 1891 ὥστε
1008 1839 1114 1886 δηλον
1137 1837 1192 1876 ὅτι

655 1897 1012 1913 ηηηηηη

88 1968 93 1977 ’“
109 1983 112 1987 ‹
137 1967 204 2013 *po
212 1940 356 2011 σκοπῷ.
377 1949 451 1997 Ἦν
469 1955 538 2010 γὰρ
567 1957 697 2001 ἐκεῖνος
715 1971 796 2010 περι
815 1959 876 1995 τοῦ
897 1956 1017 2002 τέλους
1036 1959 1100 2004 τ’ῆς
1127 1974 1192 1998 πο-

55 2037 77 2051 —
90 2025 103 2037 ’
137 2014 232 2058 λίνα
257 2031 288 2061 ς.
320 2043 324 2046 ·

174 2020 347 2128 Ι”“““ἥΙΙιρὶ
365 2075 492 2128 ἀρετης
504 2073 616 2113 τοίνυν
630 2073 875 2124 ἐπισκεπτέον,
892 2074 1113 2127 ἀνθρωπίνης
1131 2077 1194 2125 δη-

139 2135 271 2175 λονότι·
285 2132 361 2173 ἐπεὶ
372 2132 433 2173 καὶ
447 2132 482 2179 ἐξ
496 2134 607 2186 ἀρχῆς
623 2133 662 2172 τὸ
678 2133 892 2187 ἀνθρώπινον
911 2133 1040 2185 ἀγαθὸν
1057 2136 1195 2182 ἐζητοῦ-

140 2208 220 2247 μεν.
239 2190 345 2234 Ἐπεὶ
359 2191 473 2232 τοίνυν
489 2196 512 2240 ἡ
535 2192 734 2244 ἀνθρωπίνη
751 2193 858 2246 ἀρετὴ
879 2194 918 2232 οὗ
946 2198 1007 2232 τοῦ
1030 2192 1193 2245 σώματός

143 2255 260 2301 ἔστιν,
294 2251 387 2292 ἀλλὰ
416 2253 479 2300 τῆς
503 2253 633 2306 ψυχῆς·
659 2252 740 2302 (καὶ
771 2252 836 2301 τὴν
861 2253 1087 2304 εὐδαιμονίαν
1125 2253 1193 2306 γὰρ

141 2311 258 2367 ψυχῆς
279 2311 456 2366 ἐνέργειαν
482 2311 629 2363 λέγομεν
642 2311 677 2365 ,)
700 2315 718 2352 ὁ
737 2311 915 2357 πολιτικὸς
937 2313 973 2351 δὲ
1003 2311 1194 2353 σκέπτεται

77 2386 86 2396 ’
138 2371 223 2427 &cpi
240 2373 304 2418 τῆς
333 2368 550 2424 ἀνθρωπίνης
581 2372 716 2423 ἀρετῆς·
737 2373 843 2419 δῆλον,
862 2371 915 2411 ὅτι
937 2372 988 2410 δεῖ
1019 2370 1077 2410 τὸν
1096 2374 1195 2412 πολι-

138 2429 237 2471 τίκδν
255 2427 386 2469 εἰδέναι
403 2429 478 2472 πῶς
498 2427 572 2482 ἔχει
595 2427 640 2467 τὰ
660 2428 742 2482 περὶ
759 2429 889 2483 ψυχήν·
919 2429 1040 2483 ὥσπερ
1057 2431 1119 2469 και
1135 2431 1193 2470 τὸν

46 2501 65 2519 ⁸>
141 2489 315 2547 μέλλοντα
330 2488 510 2542 ὀφθαλμὸν
527 2488 777 2541 θεραπεύσειν,
801 2494 862 2529 τοῦ
881 2489 1044 2541 σώματος
1065 2506 1194 2534 παντος

139 2548 207 2598 τὴν
217 2550 348 2602 ’γνῶσιν
365 2548 500 2601 ἔχειν’
480 2547 630 2611 ανάγκη·
651 2548 712 2587 καὶ
739 2548 896 2588 τοσούτω
916 2549 1024 2588 πλέον
1047 2551 1065 2587 ὃ
1085 2552 1194 2588 πολι-

141 2608 237 2655 mo<
253 2606 396 2652 δικαίως
419 2606 552 2647 εἴσεται
579 2607 623 2646 τὰ
644 2607 728 2662 περὶ
759 2608 946 2662 ψυχήν,
927 2626 949 2656 η
977 2610 1028 2647 δ’
1019 2608 1137 2661 ιατρὸς
1154 2609 1194 2649 τὸ

140 2670 272 2720 σωμα,
286 2666 362 2721 ’ὅσῳ
383 2665 530 2716 βελτίων
551 2670 573 2715 ἡ
594 2665 768 2718 πολιτικὴ,
789 2669 878 2715 τῆς’
870 2683 1028 2720 ιατρικης
1055 2668 1116 2707 καὶ
1139 2684 1192 2707 τι-

53 2746 72 2764 N
99 2720 122 2743 ‘⁵
141 2727 310 2782 μιωτέρα·
329 2724 390 2766 καὶ
407 2727 439 2765 οἳ
457 2725 633 2765 Βέλτιστοι
653 2725 690 2764 δὲ
713 2728 783 2765 τῶν
805 2728 936 2780 ἰατρῶν
958 2727 1074 2766 πολλὰ
1099 2744 1193 2781 πρα-

97 2807 99 2809 ’
139 2787 375 2842 γματεύονται
392 2784 474 2838 περὶ
487 2784 552 2832 τὴν
571 2789 630 2824 τοῦ
646 2784 810 2836 σώματος
828 2788 970 2838 γνῶσιν·
991 2785 1084 2826 ὥστε
1103 2786 1193 2831 εἰκὸς

142 2846 315 2895 ἃνεῖητὸν
332 2844 513 2885 πολιτικὸν
528 2845 685 2898 περὶτῆς
699 2847 816 2898 ψυχῆς
830 2845 968 2886 εἰδέναι.
983 2848 1192 2899 Θεωρητέον

138 2904 180 2948 δὲ
190 2906 272 2962 περὶ
283 2907 400 2960 ψυχῆς
416 2909 586 2954 τοσαῦτα,
603 2905 668 2944 ὅσα
687 2905 827 2960 ἀρκέσει
839 2908 922 2955 ἡμῖν
938 2905 1023 2958 πρὸς
1036 2906 1093 2945 τὸν
1107 2921 1191 2959 προ-

75 2966 98 3010 ῗῙ
140 2965 302 3018 κείμενον
314 2964 395 3020 περὶ
415 2967 540 3017 ἀρετῆς
556 2965 672 3016 λόγον·
691 2965 732 3004 τὸ
747 2964 814 3018 γὰρ
830 2965 887 3004 ἐπὶ
910 2965 1032 3004 πλεῖον
1054 2964 1191 3018 ἐξακρι-

25 3039 46 3063 ⁴4
81 3065 84 3066 ⁷
119 3037 123 3040 ’
143 3026 260 3067 ὦσαι
273 3024 355 3079 περὶ
374 3027 512 3080 ψυχῆς,
532 3024 593 3063 καὶ
613 3024 672 3064 τὸν
692 3024 842 3064 καθόλου
861 3024 942 3077 περὶ
969 3026 1077 3072 αὐτῆς
1093 3024 1194 3064 ἐκθέ-

115 3131 118 3134 ,
144 3089 226 3128 σθαι
241 3085 345 3139 λόγον
359 3115 371 3137 ,
394 3087 510 3136 μεῖζον
527 3084 626 3137 ἔργον
642 3084 716 3124 ἐστὶ
736 3087 804 3123 τῶν
826 3084 1081 3138 προκειμένων.

155 3152 166 3165 ¹'
197 3146 269 3171 *⁴⁸*
291 3145 384 3199 ssepi
407 3147 524 3199 ψυχῆς
540 3145 655 3185 τοίνυν
675 3147 714 3184 οὗ
730 3145 833 3197 μόνον
847 3146 881 3183 ἐν
900 3143 1191 3196 συγγράμμασιν,

145 3199 239 3248 miz
249 3206 311 3246 καὶ
320 3203 391 3244 ἀπὸ
400 3204 574 3255 στόματος
582 3203 668 3257 πρὸς
674 3203 754 3247 τοὺς
765 3203 1037 3256 ἐντυγχάνοντας
1049 3201 1194 3254 ἀρκούν·

145 3264 371 3315 ’ἐωςεῖπομεν
392 3264 480 3304 ἔνια·
496 3263 558 3304 καὶ
578 3264 750 3318 χρηστέον
781 3265 910 3308 αὐτοῖς.
931 3263 1088 3314 Λέγομεν
1118 3262 1195 3301 τοί-

145 3336 222 3374 νυν,
245 3324 298 3364 ὅτι
316 3327 380 3372 τῆς
398 3326 513 3376 ψυχῆς
526 3324 566 3363 τὸ
586 3324 650 3375 μὲν
668 3323 807 3373 λογικόν
833 3324 906 3361 ἐστι
917 3351 927 3370 ,
944 3322 984 3361 τὸ
1001 3321 1036 3360 δὲ
1052 3322 1191 3373 ἄλογον.

146 3385 274 3424 Ταῦτα
301 3381 339 3424 δὲ
366 3382 510 3437 πότερον
533 3384 776 3436 κεχωρισμένα
810 3382 898 3422 εἰσὶν
930 3382 1110 3430 ἀλλήλων,
1131 3397 1195 3422 κα-

624 229 938 273 ETHICORUM
966 232 1422 281 NICOMACHEORUM
1453 241 1834 290 PARAPHRASIS.

2228 254 2305 293 327
2343 306 2352 309 ,

1264 327 1389 367 virtus,
1410 330 1490 372 quia
1507 331 1657 367 homines
1681 335 1745 368 hac
1762 336 1805 369 ad
1829 345 1884 370 res
1905 336 2062 372 honestas
2080 339 2224 382 agendas
2237 341 2307 376 ido-

1260 387 1313 420 nei
1331 387 1525 423 efficiuntur
1542 393 1747 436 :eodemque
1768 396 1867 429 modo
1889 397 2048 440 praeclara
2072 397 2219 434 facinora
2238 401 2308 436 sive

1261 447 1408 490 corporis
1431 449 1501 483 sive
1527 451 1628 485 animi
1647 453 1802 488 laudibus
1818 465 1991 499 ornamus,
2012 459 2104 500 quod
2122 458 2165 492 ad
2182 459 2307 494 bonum

1260 508 1407 551 aliquem
1426 509 1524 544 finem
1541 511 1682 545 tendunt
1700 522 1709 542 ε
1726 513 1798 556 ipsa
1811 517 1923 549 autem
1941 516 2112 551 beatitudo
2133 528 2303 562 nunquam

1259 569 1390 602 laudari
1416 571 1539 612 poterit
1556 585 1564 605 ε
1584 581 1693 615 neque
1715 574 1800 607 enim
1821 575 1865 608 ad
1892 575 2016 609 bonum
2034 576 2133 611 finem
2151 578 2306 620 refertur.

1260 639 1367 672 quum
1385 630 1475 673 ipsa,
1492 634 1530 665 ut
1544 633 1613 675 jam
1627 633 1790 674 dlximus,
1806 637 1976 670 extremus
1993 637 2037 670 sit
2053 637 2137 672 sinis.
2183 639 2249 673 Sed
2266 640 2309 674 de

1258 690 1414 725 laudibus
1423 694 1457 725 et
1472 693 1645 734 praeconiis
1661 693 1774 736 ageres
1789 695 1823 728 et
1838 695 1962 738 quibus
1983 705 2022 729 ea
2034 697 2137 730 tribui
2161 699 2307 740 soleant,

1258 760 1323 784 non
1345 752 1396 784 est
1412 751 1514 795 hujus
1528 754 1713 794 argumenti
1734 766 1742 786 ς
1767 753 1892 796 quippe
1910 756 2015 798 magis
2034 757 2187 790 convenit
2209 758 2306 792 aliis:

1258 810 1354 844 nobis
1368 820 1448 844 vero
1466 811 1508 845 de
1521 821 1559 845 eo
1571 812 1662 855 quod
1672 814 1878 856 propositum
1893 816 1961 855 est,
1978 815 2216 858 disputandum
2232 818 2307 852 erit.

1258 871 1354 902 Patet
1372 879 1449 912 ergo
1467 880 1508 904 ex
1529 871 1571 904 iis
1586 881 1663 914 quae
1677 872 1766 906 dicta
1781 875 1859 906 sunt
1871 899 1879 912 ‚
1893 874 1999 907 vitam
2015 875 2147 910 beatam
2164 876 2199 910 in
2214 877 2310 911 bonis

1257 927 1316 967 iis,
1335 937 1412 971 quae
1430 930 1555 963 honore
1577 931 1676 972 digna
1704 933 1738 964 et
1754 932 1902 974 perfecta
1924 935 2020 975 sunt,
2041 944 2113 968 esse
2131 945 2310 970 numeran-

1257 981 1336 1014 dam
1356 994 1365 1015 :
1385 983 1467 1025 quin
1487 986 1521 1016 et
1543 984 1743 1027 principium
1770 986 1975 1028 reliquorum
1992 988 2126 1021 videtur
2148 990 2307 1024 bonorum

1257 1038 1290 1068 et
1309 1045 1429 1071 causa:
1447 1037 1613 1079 siquidem
1631 1039 1703 1080 ejus
1718 1048 1818 1072 causa
1839 1039 1980 1074 facimus
2003 1044 2036 1074 et
2049 1043 2188 1085 reliqua.
2209 1045 2308 1077 Prin-

1257 1090 1382 1133 cipium
1413 1092 1524 1123 autem
1544 1100 1744 1134 causamque
1764 1101 1825 1125 cur
1840 1096 1963 1126 caetera
1980 1095 2065 1128 bona
2082 1096 2165 1137 sint,
2182 1097 2308 1131 honore

1257 1142 1394 1185 dignum
1411 1145 1444 1176 et
1459 1143 1610 1177 divinum
1626 1144 1788 1187 quiddam
1805 1154 1878 1183 esse
1892 1145 2057 1180 ducimus.

1693 1239 1771 1281 Gap.
1798 1240 1866 1271 XX.

1397 1335 1443 1362 De
1457 1333 1570 1363 virtute
1586 1334 1642 1364 tin
1653 1342 1717 1377 quo
1733 1337 1763 1364 et
1778 1334 1817 1365 de
1832 1335 1927 1365 animi
1944 1334 2147 1366 facultatibus.

1297 1440 1364 1475 Sed
1379 1440 1538 1483 quoniam
1552 1440 1725 1473 beatitudo
1737 1440 1867 1474 functio
1879 1440 2035 1484 quasdam
2048 1442 2197 1476 muneris
2208 1444 2310 1478 animi

1255 1495 1322 1532 est,
1349 1491 1470 1524 virtuti
1488 1490 1645 1534 perfectae
1666 1501 1865 1533 congruens,
1882 1491 2058 1525 videamus
2082 1492 2124 1526 de
2147 1496 2276 1528 vlrtute
2298 1505 2307 1524 z

1254 1549 1331 1583 quae
1352 1540 1490 1582 quidem
1510 1539 1729 1572 consideratio
1745 1539 1832 1572 banc
1843 1539 1945 1572 etiam
1966 1542 2114 1573 nostram
2133 1541 2175 1575 de
2195 1542 2304 1576 heati-

1254 1589 1372 1622 tudine
1393 1588 1651 1630 disputationem
1676 1586 1858 1629 planiorem
1884 1585 1994 1620 facie-t.
2023 1588 2165 1622 Videtur
2195 1593 2308 1624 autem

1255 1639 1288 1670 et
1300 1637 1354 1670 vir
1367 1635 1521 1677 regendae
1551 1635 1693 1668 civitatis
1712 1643 1790 1667 vere
1810 1634 1938 1678 peritus
1966 1635 2008 1668 de
2036 1645 2074 1668 ea
2093 1636 2280 1679 disceptare
2298 1648 2307 1668 ε

1255 1685 1368 1718 studet
1383 1684 1471 1718 enim
1488 1683 1579 1716 cives
1594 1692 1672 1716 suos
1689 1682 1777 1715 viros
1798 1682 1903 1716 bonos
1916 1684 1951 1716 et
1966 1684 2096 1725 legibus
2117 1684 2310 1718 obedientes

1255 1733 1402 1772 efficere,
1429 1731 1516 1765 sicut
1543 1731 1750 1765 Cretensium
1779 1731 1813 1763 et
1842 1731 2168 1764 Lacedaemoniorum
2197 1733 2308 1775 legum

1253 1785 1377 1817 latores
1387 1810 1395 1822 ,
1413 1782 1490 1816 etsi
1503 1782 1563 1824 qui
1576 1782 1632 1814 alii
1648 1782 1732 1815 tales
1747 1781 1968 1814 exstiterunt:
1985 1781 2062 1814 hinc
2079 1784 2171 1824 patet
2186 1783 2310 1817 hancce

1254 1831 1475 1875 quaestionem
1492 1829 1774 1863 accommodatam
1793 1837 1866 1862 esse
1892 1828 1935 1861 ad
1959 1828 1996 1861 id
2017 1829 2191 1862 consilium
2209 1833 2310 1873 atque

1253 1879 1464 1916 institutum,
1485 1877 1574 1920 quod
1589 1877 1631 1910 ab
1646 1877 1741 1909 initio
1757 1876 1977 1918 suscepimus.
1992 1877 2074 1909 Nam
2096 1876 2213 1910 detine
2228 1887 2310 1920 pru-

1254 1930 1378 1964 dentias
1398 1927 1508 1961 civilis
1532 1937 1629 1968 agere
1643 1927 1740 1960 nobis
1769 1926 1979 1969 propositum
2004 1928 2086 1960 erat.
2114 1929 2164 1961 De
2183 1928 2310 1961 virtute

1255 1988 1332 2021 ergo
1350 1975 1640 2010 commentandum
1657 1976 1726 2015 est,
1744 1974 1891 2007 humana
1916 1974 2061 2012 scilicet,
2083 1974 2250 2017 siquidem
2277 1978 2309 2008 ct

1254 2037 1274 2061 a
1290 2026 1451 2070 principio
1466 2025 1652 2057 humanum
1666 2023 1791 2056 bonum
1806 2021 2050 2065 quaerebamus.

1296 2085 1460 2125 Quoniam
1487 2093 1565 2126 ergo
1587 2075 1741 2116 *humana
1759 2082 1869 2115 virtus
1893 2091 1959 2114 non
1990 2080 2137 2124 corporis
2167 2084 2228 2123 est,
2251 2084 2310 2117 sed

1255 2142 1356 2176 animi
1369 2166 1377 2181 ,
1395 2141 1493 2184 (nam
1505 2141 1540 2173 et
1558 2138 1800 2172 beatitudinem
1816 2136 2023 2170 functionem
2041 2137 2189 2170 muneris
2208 2137 2307 2171 animi

1255 2200 1466 2239 dicebamus)
1478 2198 1641 2231 virtutem
1657 2197 1770 2228 autem
1788 2195 1969 2227 humanam
1982 2193 2036 2227 vir
2053 2193 2205 2235 regendae
2225 2194 2310 2229 civi-

1255 2261 1335 2294 tatis
1360 2259 1489 2302 peritus
1517 2255 1705 2290 considerat
1726 2265 1733 2286 :
1757 2253 1916 2286 nimirum
1943 2254 1983 2285 ut
2010 2261 2087 2285 eum
2108 2253 2167 2295 qui
2196 2253 2309 2287 oculos

1255 2318 1434 2351 curaturus
1456 2314 1526 2352 est,
1550 2312 1656 2344 totius
1674 2309 1821 2352 corporis
1844 2310 1999 2341 naturam
2027 2310 2158 2351 oportet
2182 2309 2307 2342 habere

1254 2374 1479 2419 perspectam,
1514 2370 1561 2403 sic
1584 2368 1697 2402 virum
1718 2365 1873 2408 regendae
1898 2364 2045 2397 civitatis
2076 2365 2239 2407 peritum,
2270 2373 2309 2399 ea

1255 2441 1332 2475 quaa
1355 2429 1397 2463 ad
1422 2427 1571 2461 animum
1584 2424 1769 2468 pertinent,
1790 2421 1928 2455 scientia
1944 2421 2230 2464 comprehendisse
2248 2431 2308 2456 ne-

1254 2496 1346 2522 cesse
1368 2486 1437 2525 est3
1468 2484 1569 2524 atque
1592 2489 1631 2514 eo
1650 2479 1787 2521 quidem
1816 2477 1923 2519 magis
1943 2476 2001 2510 vir
2026 2476 2069 2509 ad
2088 2477 2308 2518 gubernacula

1254 2541 1445 2584 reipublicae
1469 2539 1568 2580 aptus
1585 2544 1662 2578 quae
1685 2535 1727 2567 de
1749 2533 1860 2566 animo
1879 2533 2059 2566 traduntur
2086 2533 2184 2571 sciet,
2205 2542 2308 2575 quam

1254 2600 1406 2635 medicus
1441 2603 1578 2637 corpus,
1606 2602 1675 2635 quo
1699 2591 1825 2633 majore
1852 2591 1980 2624 honore
2009 2590 2107 2631 digna
2136 2592 2170 2623 et
2192 2591 2309 2625 mellor

1255 2668 1357 2702 quam
1380 2653 1547 2687 medicina
1576 2648 1755 2693 prudentia
1773 2647 1880 2680 civilis
1906 2649 1968 2680 est.
1993 2648 2035 2679 At
2054 2656 2135 2680 vero
2157 2646 2308 2682 homines

1251 2712 1418 2746 'medicina
1435 2709 1515 2743 clari
1530 2708 1675 2742 multum
1699 2705 1802 2739 studii
1826 2707 1929 2747 atque
1944 2713 2053 2747 operae
2068 2705 2103 2737 in
2119 2705 2306 2746 cognitione

1254 2769 1402 2813 corporis
1430 2775 1552 2809 ponere
1580 2763 1826 2798 consueverunt
1852 2771 1863 2792 ι
1891 2761 1980 2794 unde
2019 2762 2170 2804 sequitur
2196 2770 2307 2794 rerum

1254 2824 1466 2867 publicarum
1480 2819 1603 2853 rectori
1619 2817 1721 2851 animi
1736 2818 1891 2849 naturam
1908 2815 2073 2857 cognitam
2089 2825 2161 2848 esse
2174 2815 2304 2848 debere.

1255 2880 1400 2911 Eatenus
1421 2877 1534 2908 autem
1555 2874 1597 2908 de
1612 2872 1721 2906 animo
1741 2869 2032 2904 commentandum
2054 2871 2124 2907 est,
2142 2872 2308 2911 quatenus

1254 2929 1410 2974 praesenti
1435 2929 1556 2961 nostrae
1579 2926 1622 2960 de
1647 2925 1774 2959 virtute
1799 2922 2015 2966 disputationi
2043 2921 2198 2954 suflicit:
2230 2930 2305 2954 nam

1255 2981 1443 3017 accuratius
1460 2980 1495 3013 in
1507 2975 1580 3022 eJus
1601 2978 1672 3012 vim
1686 2977 1855 3020 inquirere
1875 2977 1909 3009 et
1927 2974 2110 3018 generatim
2128 2973 2169 3007 de
2190 2983 2230 3007 eo
2246 2982 2307 3006 ex-

1254 3046 1397 3080 ponere,
1412 3035 1522 3078 maJus
1546 3041 1632 3076 opus
1649 3033 1720 3073 est,
1740 3040 1843 3074 quam
1854 3029 2000 3063 instituti
2013 3027 2120 3061 nostri
2140 3027 2227 3061 ratio
2250 3036 2307 3071 po-

1255 3090 1370 3125 stulat.

1297 3152 1400 3184 Porro
1411 3147 1454 3181 de
1464 3146 1575 3180 animo
1589 3155 1655 3179 non
1666 3145 1799 3178 tantum
1814 3143 1848 3176 in
1864 3141 2006 3185 scriptis,
2019 3140 2078 3175 sed
2090 3139 2231 3174 etiamin
2242 3149 2306 3173 ser-

1254 3211 1409 3245 monibus
1425 3206 1514 3251 apud
1528 3206 1696 3240 auditores
1712 3203 1837 3237 habitis
1852 3201 2009 3236 nonnulla
2026 3201 2108 3234 satis
2122 3199 2305 3233 luculenter

1254 3271 1456 3306 tradidimus
1477 3279 1485 3301 :
1504 3268 1627 3312 quibus
1647 3266 1706 3310 qui
1719 3265 1832 3300 volent
1856 3264 1922 3297 hoc
1946 3263 2019 3296 loco
2040 3263 2190 3295 utantur.
2210 3260 2304 3293 Diei-

1255 3341 1332 3365 mus
1346 3339 1440 3373 ergo,
1456 3338 1559 3362 unam
1573 3327 1675 3361 animi
1696 3328 1825 3369 partem
1846 3322 1985 3357 rationis
2005 3322 2190 3363 compotem
2213 3328 2300 3360 esse,

1257 3391 1396 3424 alteram
1422 3388 1561 3423 rationis
1585 3388 1767 3430 expertem.
1798 3385 1881 3422 Quae
1899 3384 2014 3416 utrum
2038 3381 2197 3422 separatae
2221 3387 2240 3410 a
2267 3386 2301 3411 se

8 3486 28 3514 Γ·
193 3496 215 3517 ¹*
229 3495 308 3541 Cap.
328 3499 360 3530 3.
376 3497 445 3530 ἐπεὶ
462 3497 490 3530 δ’
508 3497 596 3531 ἐστὶν
618 3499 639 3537 ἠ
657 3495 844 3539 εὐδαιμονία
860 3496 932 3529 κτλ.
949 3513 991 3520 -
1007 3495 1048 3516 ⁴¹*
1066 3497 1148 3541 Περὶ
1165 3497 1283 3540 ἀρετῆς
1302 3494 1339 3529 δὲ
1356 3495 1427 3528 κτλ.
1450 3509 1493 3516 -
1507 3491 1568 3511 *⁴³*
1585 3491 1722 3533 Λέγεται
1738 3487 1770 3520 δὲ
1783 3487 1856 3529 περὶ
1872 3485 1969 3524 αὐτῆς
1981 3483 2051 3515 κτλ·
