2508 3776
661 148 960 192 ETHICORUM
990 151 1446 196 NICOMACHEORUM
1478 155 1851 198 PARAPHRASIS.

612 241 702 293 Κεφ.
735 238 793 292 ιγ’.

171 360 252 406 Περὶ
277 363 342 393 τῶν
374 361 537 401 σοφιστῶν
572 368 607 390 τε
641 360 694 392 καὶ
725 362 789 391 τῶν
824 357 863 390 τὰ
890 359 1042 391 πολιτικὰ
1069 360 1228 394 διδάσκειν

214 407 502 451 ἐπαγγελλομένων
516 416 523 423 ·
542 407 596 439 καὶ
610 406 660 440 ὅτι
679 406 716 440 τὸ
733 407 809 450 περὶ
823 410 876 445 τῆς
893 407 1083 449 νομοθεσίας
1106 409 1230 442 ἐπισκέ-

213 457 337 500 ψασθαι
359 457 442 536 ,πρὲς
470 455 527 495 τὴν
550 458 606 495 τῆς
632 458 808 498 πρακτικῆς
847 455 1032 498 φιλοσοφίας
1062 457 1230 491 τελείωσιν

213 502 261 539 ln
277 504 390 537 λοιπον
423 513 486 536 στι.

169 600 178 607 ’
225 595 342 644 *⁰022
352 600 416 655 μὲν
435 593 496 642 οῧν
510 599 734 656 νομοθετικὸν
756 593 846 640 εἶναι
867 600 921 639 δεῖ
934 599 993 640 τὸν
1015 603 1079 650 τῆς
1098 602 1225 655 ἀρετῆς

171 662 364 715 ἀλείπτην,
385 659 532 716 φανερὸν
555 661 682 701 ἐκτῶν
704 659 901 714 εἰρημένων
915 673 924 684 ·
948 661 1042 705 ὅπως
1064 661 1100 700 δὲ
1118 662 1227 708 δυνη-

119 719 127 726 ’
171 721 315 771 Θοίῆτις
333 720 376 761 ἂν
395 720 617 773 νομοθετικὸς
645 721 826 774 γενέσθαι,
848 720 1015 768 ζητητέον
1040 719 1151 761 ἐστίν.
1171 718 1226 761 Ἢ

170 779 319 836 φανερόν
337 781 433 820 ἐστιν
447 809 460 832 ,
480 778 535 819 ὅτι
555 779 715 834 καθάπερ
738 779 808 819 ἀπὸ
828 782 888 819 τοῦ
908 779 1036 824 εἰδότος
1053 778 1099 818 τὰ
1115 795 1227 832 γραμ-

171 840 308 894 ματικδι
338 837 363 888 ἢ
381 839 427 880 τὰ
455 837 610 890 μουσικὰ
629 838 879 892 γραμματικός
905 854 957 884 τις
989 838 1118 890 γένοιτ’
1139 840 1180 878 ἂν
1202 838 1224 887 ἢ

171 898 339 953 μουσικός
351 929 364 950 ,
384 897 555 941 οὕτωκαὶ
573 897 795 951 νομοθετικὸς
825 897 896 937 ἀπὸ
927 901 990 938 τοῦ
1018 898 1146 943 εἰδότος
1163 915 1226 938 νο-

170 958 281 999 θετιῖν
293 989 307 1008 ,
322 956 359 1004 ὅς
375 961 468 999 ἐστιν
484 958 504 996 ὅ
526 957 730 1011 πολιτικός,
749 960 811 1006 τῆς
830 957 900 1011 γὰρ
917 959 1100 1007 πολιτικῆς
1125 961 1145 1007 ἡ
1165 974 1224 998 νο-

170 1017 339 1073 μοθετικὴ
357 1017 473 1072 μέρος.

222 1077 267 1102 **
283 1076 414 1119 Καίτοι
429 1077 523 1117 δοκεῖ
542 1078 581 1116 οὐ
601 1076 645 1116 τὰ
659 1075 750 1116 αὐτὰ
765 1076 970 1128 συμὸαίνειν
995 1080 1039 1131 τῇ
1061 1080 1226 1133 πολιτικῇ

169 1137 231 1179 καὶ
261 1143 337 1183 ταῖς
357 1137 483 1182 ἄλλαις
510 1135 679 1188 δυνάμεσι
706 1136 767 1176 καὶ
801 1137 1030 1189 ἐπιστήμαις.
1068 1138 1133 1179 Ἔν
1163 1139 1226 1191 μὲν

148 1242 150 1244 ,
170 1197 240 1254 γὰρ
258 1214 334 1243 ταις
370 1197 496 1244 ἄλλαις
525 1199 557 1237 οἳ
582 1197 683 1236 αὐτοὶ
703 1197 885 1251 φαίνονται
915 1197 977 1242 τάς
997 1213 1035 1236 τε
1062 1198 1226 1250 μεθόδους

166 1258 240 1302 ,τῶν
264 1258 471 1309 ἐπιστημῶν
496 1256 772 1309 παραδιδόντες,
802 1256 863 1295 καὶ
890 1259 968 1296 κατ’
989 1256 1095 1302 αὐτὰς
1124 1259 1226 1312 ἐνερ-

163 1322 336 1372 γοῦντες·
368 1317 488 1372 ἰατρὸς
517 1316 587 1370 γὰρ
617 1332 678 1356 και
713 1316 894 1371 ζωγράφος
929 1317 993 1365 τήν
1029 1333 1066 1357 τε
1099 1319 1228 1372 τέχνην

168 1374 322 1423 ἕκαστος
338 1376 521 1424 διδάσκει,
543 1376 604 1414 καὶ
629 1378 647 1414 ὁ
666 1376 768 1420 αὐτος
785 1377 846 1415 καὶ
865 1376 1002 1434 γράφει,
1020 1377 1073 1425 ἢ’
1064 1379 1228 1430 ιατρεύει·

171 1436 253 1490 περὶ
280 1433 404 1484 δὲτὴν
425 1435 611 1482 πολιτικὴν
633 1434 760 1488 ἑτέρως
789 1435 949 1489 φαίνεται
984 1435 1082 1489 ἔχον·
1105 1439 1136 1477 οἱ
1163 1438 1226 1489 μὲν

151 1494 240 1550 ,γὰρ
259 1494 424 1550 σοφισται
453 1493 500 1534 τὰ
532 1494 699 1534 πολιτικὰ
723 1494 899 1534 διδάσκειν
923 1495 1223 1548 ἐπαγγέλλονται,

149 1559 151 1561 ’
171 1553 282 1608 μηδὲν
318 1553 532 1609 πράττοντες
565 1552 767 1601 πολιτικόν,
812 1555 844 1592 οἳ
880 1553 916 1592 δὲ
965 1555 1227 1607 πολιτευόμενοι

170 1613 370 1669 πράττουσι
402 1612 490 1665 μέν,
513 1611 716 1652 διδάσκουσι
752 1611 789 1651 δὲ
809 1612 926 1652 οὖδέν·
954 1614 993 1654 οὗ
1014 1613 1082 1668 γὰρ
1103 1615 1226 1655 δύναν-

149 1688 244 1722 ‚tan

224 1729 428 1785 ***Οὗγόιρ
447 1730 584 1785 μεθόδῳ
603 1728 670 1768 τινὶ
681 1727 875 1783 πράττουσι
897 1731 957 1770 καὶ
974 1731 1154 1786 ἐπιστήμῃ
1164 1749 1229 1773 πο·

171 1792 306 1846 λιτικῇ,
325 1789 419 1832 ἀλλὰ
436 1794 567 1845 φυσικῇ
583 1789 652 1829 τινὶ
679 1790 952 1842 ἐπιτηδειότητι,
973 1790 1030 1830 καὶ
1055 1791 1223 1845 ἐμπειρίᾳ

171 1853 333 1906 μᾶλλον,
352 1851 378 1902 ἢ
409 1849 562 1905 διανοίᾳ.
583 1848 672 1891 ’Ότι
700 1849 737 1889 δὲ
761 1851 800 1890 οὗ
828 1851 993 1891 δύνανταί
1015 1868 1050 1891 τι
1066 1852 1147 1905 περὶ
1167 1857 1228 1902 τῆς

169 1915 354 1963 πολιτικης
385 1910 590 1960 διδάσκειν,
618 1909 786 1964 φανερόν·
817 1912 855 1950 οὐ
877 1911 946 1964 γὰρ
978 1910 1219 1959 διδάσκουσιν,

167 1972 248 2024 οὐδέ
268 1988 304 2014 τι
324 1971 518 2027 γράφουσιν
538 1970 564 2019 ἢ
582 1971 751 2023 λέγουσιθ
770 1987 851 2023 περι
878 1973 947 2010 τῶν
968 1973 1156 2021 τοιούτων,
1178 1974 1226 2012 εἷ-

155 2025 293 2078 πύντές
309 2031 380 2080 ἄν,
401 2030 502 2085 εἴπερ
526 2030 713 2070 ἐδύναντο·
744 2033 859 2081 μεῖζον
890 2030 958 2083 γὰρ
980 2046 1022 2068 αν
1042 2034 1084 2078 ἠν
1110 2032 1225 2077 αὐτοῖς

167 2094 219 2141 εἰς
244 2091 448 2148 φιλοτιμίαν
466 2091 642 2135 τοιούτους
660 2091 854 2130 συντιθέναι
873 2090 997 2140 λόγους
1009 2121 1018 2138 ,
1052 2089 1075 2138 ἢ
1093 2091 1224 2130 δικανι-

167 2152 251 2200 κούς
267 2168 307 2194 τε
325 2152 387 2192 καὶ
409 2150 688 2204 δημηγορικούς·
713 2150 828 2195 ἄλλως
856 2166 893 2189 τε
911 2149 973 2188 καὶ
1003 2148 1081 2194 τοὺς
1101 2150 1222 2204 σφετέ·

169 2228 250 2267 ρους
266 2211 360 2263 υἱοὺς
393 2210 593 2255 πολιτικοὺς
625 2210 794 2260 ἐποίησαν
828 2210 895 2261 ἄν,
933 2209 1073 2258 ἤτινας
1100 2209 1226 2255 ἄλλους

168 2275 239 2312 τῶν
267 2270 397 2328 φίλων,
422 2271 522 2324 εἴπερ
543 2269 726 2309 ἐδύναντο·
758 2272 797 2310 οὗ
817 2269 885 2344 γὰρ
902 2268 1043 2321 εὔλογον
1073 2270 1225 2320 δυναμέ-

167 2347 246 2377 νους
263 2330 313 2383 μὴ
331 2333 479 2371 τοιαῦτα
498 2332 577 2375 τοὺς
593 2328 712 2383 φίλους
736 2328 797 2368 καὶ
822 2345 900 2374 τους
923 2328 1108 2382 φιλτάτους
1128 2330 1224 2401 εὐερ-

167 2391 303 2446 γετεῖν·
322 2389 402 2432 οὔτε
421 2389 490 2445 γὰρ
518 2382 612 2443 εἶχον
643 2391 758 2439 μεῖζον
792 2388 921 2440 ἀγαθὸν
951 2387 1012 2427 καὶ
1034 2388 1220 2442 συμφορώ-

167 2467 266 2505 τερον
284 2453 328 2503 τῇ
359 2449 462 2488 πόλει
489 2449 698 2488 καταλιπειν
711 2479 721 2496 ,
741 2447 764 2495 ἢ
800 2463 912 2487 ταυτα
933 2447 1221 2501 συγγραψάμενοι

169 2510 231 2551 καὶ
247 2507 467 2558 διδάξαντες,
499 2507 580 2548 οὔτε
600 2509 752 2554 ἑαυτοῖς,
784 2507 807 2554 ἢ
839 2510 910 2551 τοῖς
939 2506 1066 2554 υἱέσιν,
1099 2506 1121 2553 ἢ
1154 2513 1224 2552 τοῖς

169 2569 320 2624 ἑταίροις
349 2570 468 2620 μεῖζον
508 2567 551 2607 ἂν
586 2566 756 2614 ἐθέλησαν
787 2568 917 2619 ἀγαθόν
930 2596 940 2614 ,
981 2569 1041 2604 τοῦ
1078 2570 1223 2606 τοιαῦτα

169 2629 354 2670 δύνασθαι.
376 2627 540 2680 Φανερὸν
557 2625 691 2673 τοίνυν,
715 2624 813 2679 εἴπερ
843 2625 1007 2665 ἐδύναντο
1046 2625 1223 2664 διδάσκειν

169 2689 214 2731 τὰ
232 2688 420 2737 πολιτικά,
439 2686 492 2726 ὅτι
509 2684 569 2726 καὶ
593 2684 836 2734 ἐδουλήθησαν
855 2684 896 2723 ἄν
909 2714 920 2733 ,
950 2683 1009 2724 καὶ
1029 2685 1221 2724 ἐδίδασκον·

170 2748 248 2790 ἐπεὶ
264 2749 299 2790 δὲ
328 2749 367 2789 οὖ
387 2746 571 2801 φαίνονται
589 2744 830 2795 διδάσκοντες,
860 2744 1005 2798 φανερόν
1021 2774 1031 2793 ,
1063 2743 1116 2782 ὅτι
1147 2742 1225 2783 οὔτε

170 2807 336 2848 ἐδύναντο
351 2806 549 2854 διδάσκειν,
569 2803 648 2844 οὔτε
671 2804 770 2843 αὐτοὶ
792 2804 886 2858 λόγῳ
904 2805 972 2843 τινὶ
992 2804 1037 2844 τὰ
1058 2806 1223 2844 πολιτικὰ

170 2872 352 2915 ποιοῦσιν,
376 2865 400 2914 ἢ
433 2863 616 2917 ἐπιστήμῃ
635 2894 644 2912 ,
667 2863 759 2903 ἀλλὰ
789 2864 976 2918 ἐμπειρία·
1008 2864 1068 2903 καὶ
1098 2866 1165 2918 γὰρ
1184 2865 1224 2903 οὗ

173 2926 296 2981 μικρόν
325 2930 348 2975 ἠ
377 2925 543 2979 ἐμπειρία
580 2924 666 2978 πρὸς
693 2924 734 2963 τὸ
755 2924 920 2977 πράττειν
957 2924 1225 2977 συμὸάλλεται·

171 2986 326 3040 γίνονται
346 2986 414 3040 γὰρ
436 2985 494 3026 διὰ
509 2988 570 3033 τῆς
586 2986 771 3032 πολιτικῆς
790 2983 973 3033 συνηθείας
998 2986 1132 3035 μᾶλλον
1162 3000 1225 3024 πο-

171 3045 314 3087 λιτικοί.
335 3044 403 3086 Διὰ
424 3049 527 3085 τοῦτο
543 3045 613 3089 τοῖς
638 3044 830 3098 ἐφιεμένοις
857 3043 938 3098 περὶ
961 3046 1024 3092 τῆς
1043 3046 1227 3092 πολιτικῆς

173 3105 326 3153 εἰδέναι,
349 3105 409 3145 καὶ
430 3105 615 3157 ἐμπειρίας
636 3104 727 3150 τινὸς
746 3104 850 3157 χρεία
883 3105 943 3143 καὶ
969 3102 1166 3151 συνηθείας.

226 3165 313 3190 ****
322 3165 392 3207 Καὶ
404 3165 504 3205 αὐτοὶ
512 3166 546 3205 δὲ
555 3167 587 3205 οἳ
605 3163 770 3220 σοφισταὶ
782 3163 958 3203 διδάσκειν
975 3163 1038 3214 μὲν
1050 3163 1227 3214 ἐπαγγέλ-

172 3226 294 3266 λονται
313 3225 377 3273 τὴν
397 3225 645 3277 νομοθετικήν,
665 3223 868 3263 διδάσκουσι
889 3223 925 3263 δὲ
945 3222 1043 3262 οὐδὲν
1066 3224 1221 3275 μᾶλλον,

2261 160 2340 199 567

1721 253 1798 295 cap.
1819 254 1908 286 xm.

1290 367 1333 394 De
1351 367 1495 402 sophistis
1512 374 1542 397 et
1556 369 1594 397 iis
1613 368 1665 404 qui
1691 368 1864 405 reipublicae
1880 368 2071 404 disciplinam
2090 369 2210 398 tradere
2227 376 2259 397 se
2274 376 2342 405 pro-

1325 415 1454 446 fitentur
1470 428 1478 446 ι
1498 419 1571 447 item
1587 420 1824 455 disputationem
1845 419 1881 446 de
1898 419 2029 447 serendis
2046 420 2165 455 legibus
2183 420 2220 448 ad
2239 420 2343 448 activae

1324 463 1518 501 philosophiae
1536 466 1832 494 consummationem
1846 466 1946 495 adhuc
1959 466 2074 495 deesse.

1329 606 1458 640 Debere
1486 607 1588 650 igitur
1615 609 1726 651 legum
1757 608 1971 643 ferendarum
1995 610 2132 644 seientia
2163 611 2343 653 praeditum

1289 668 1360 694 esse
1367 662 1503 695 virtutis
1513 663 1721 705 magistrum,
1733 674 1751 697 e
1763 664 1990 706 superioribus
2004 666 2141 707 apparet
2153 678 2160 697 ι
2176 664 2343 707 quomodo

1290 724 1369 747 vero
1389 724 1462 748 eam
1481 717 1637 759 consequi
1658 718 1773 759 possit,
1796 717 1949 760 deinceps
1967 718 2184 760 quaerendum
2212 721 2272 751 est.
2294 720 2343 750 An

1288 767 1501 801 manifestum
1525 771 1587 808 est,
1614 770 1897 811 quemadmodum
1916 770 1958 803 ab
1978 779 2017 803 eo
2035 770 2094 813 qui
2119 771 2344 812 grammaticae

1288 821 1416 863 peritus
1433 823 1484 853 est
1503 824 1562 854 aut
1578 822 1715 855 musicae
1730 824 1968 864 grammaticus
1984 824 2060 866 quis
2079 833 2150 856 csse
2167 823 2266 856 discit
2286 826 2344 856 aut

1289 873 1450 912 musicus,
1471 873 1518 906 ita
1536 873 1607 906 fore
1627 877 1666 907 ut
1685 875 1727 908 ab
1755 876 1888 908 homine
1910 876 2018 918 legum
2046 876 2255 909 serendarum
2286 886 2345 918 pe-

1289 926 1354 958 rito
1378 925 1478 967 liujus
1498 926 1546 958 rei
1562 926 1734 960 scientiam
1765 927 1883 967 discat,
1913 928 1971 970 qui
1988 932 2038 961 est
2055 928 2106 961 vir
2126 927 2277 970 regendae
2295 929 2342 960 ci-

1289 976 1406 1009 vitatis
1431 976 1557 1010 sciens?
1589 987 1665 1011 nam
1692 978 1830 1011 rationis
1861 979 1969 1011 civilis
1997 989 2074 1021 pars
2094 978 2204 1021 legum
2234 978 2345 1012 feren-

1290 1028 1410 1062 darum
1430 1028 1566 1061 scientia
1582 1031 1644 1062 est.

1331 1085 1433 1128 Atqui
1461 1095 1526 1118 non
1545 1086 1632 1120 idem
1658 1087 1750 1130 quod
1781 1087 1815 1120 in
1834 1088 1972 1131 reliquis
1992 1088 2211 1122 facultatibus
2231 1099 2269 1122 ac
2289 1090 2341 1122 di-

1291 1146 1448 1189 sciplinis,
1469 1146 1503 1178 in
1526 1146 1617 1179 civili
1631 1156 1766 1190 quoque
1782 1148 1909 1180 ratione
1930 1148 2063 1181 videtur
2080 1158 2143 1181 usu
2164 1148 2287 1181 venire.
2308 1149 2345 1181 In

1290 1206 1420 1239 caeteris
1439 1205 1526 1239 enim
1542 1206 1642 1239 iidem
1662 1206 1750 1239 viam
1767 1207 1995 1250 rationemque
2009 1207 2258 1250 disciplinarum
2275 1210 2343 1240 tra-

1291 1266 1380 1306 dere,
1403 1268 1437 1300 et
1463 1276 1506 1300 ex
1536 1276 1651 1299 earum
1678 1267 1872 1309 praescripto
1899 1266 2068 1300 facultatis
2092 1277 2228 1300 munere
2254 1266 2346 1308 fungi

1292 1326 1450 1360 videntur
1468 1339 1475 1358 :
1497 1328 1621 1370 quippe
1641 1326 1791 1360 medicus
1817 1327 1924 1360 omnis
1945 1330 1978 1360 et
2007 1327 2114 1370 pictor
2139 1337 2233 1360 suam
2252 1327 2347 1369 quis-

1290 1394 1356 1428 que
1372 1387 1480 1418 artem
1497 1385 1606 1425 docet,
1628 1385 1782 1428 idemque
1803 1386 1905 1418 etiam
1923 1386 2037 1428 pingit,
2065 1389 2124 1419 aut
2148 1386 2346 1419 medicinam

1290 1447 1422 1478 exercet
1444 1458 1451 1477 ε
1474 1445 1532 1478 sed
1552 1445 1586 1478 in
1603 1445 1780 1488 prudentia
1798 1445 1889 1478 civili
1916 1446 2014 1478 aliter
2032 1455 2085 1479 res
2102 1455 2137 1479 se
2159 1446 2280 1479 habere
2294 1446 2343 1479 vi-

1290 1504 1391 1538 detur
1410 1516 1418 1536 :
1446 1505 1604 1547 sophistae
1622 1505 1708 1538 enim
1730 1504 1921 1547 reipublicae
1935 1505 2143 1548 disciplInam
2164 1515 2199 1538 se
2216 1505 2346 1539 tradere

1290 1563 1498 1607 profitentur,
1528 1564 1684 1606 quamvis
1713 1564 1839 1597 nullam
1867 1564 2058 1607 reipublicae
2078 1567 2205 1607 partem
2239 1566 2343 1598 susci-

1290 1624 1394 1667 piant,
1414 1626 1449 1657 at
1467 1633 1580 1657 rerum
1596 1623 1744 1658 civitatis
1767 1624 2056 1657 administratores
2072 1627 2192 1666 gerunt
2209 1625 2346 1668 quidem

1291 1683 1421 1726 negotia
1444 1683 1588 1727 publica,
1613 1683 1671 1717 sed
1694 1683 1778 1716 nihil
1797 1683 1917 1717 docent
1935 1697 1943 1716 :
1966 1694 2072 1727 neque
2091 1685 2179 1717 enim
2195 1687 2343 1727 possunt.

1331 1745 1446 1786 Neque
1462 1743 1549 1775 enim
1567 1743 1623 1776 via
1638 1745 1672 1775 et
1691 1742 1817 1775 ratione
1835 1745 1869 1776 et
1894 1743 1983 1775 civili
2001 1744 2191 1786 prudentia,
2212 1744 2271 1778 sed
2286 1754 2347 1777 na-

1291 1797 1391 1830 turali
1405 1796 1551 1839 quadam
1569 1795 1728 1829 facultate
1745 1798 1778 1829 et
1792 1796 1996 1839 experientia
2012 1797 2123 1839 potius
2140 1806 2241 1840 quam
2258 1807 2347 1831 men-

1291 1851 1334 1882 tis
1349 1850 1526 1892 agitatione
1543 1848 1619 1882 freti
1641 1849 1704 1881 hoc
1723 1852 1835 1891 agunt.
1856 1850 1946 1883 Nihil
1963 1853 2076 1884 autem
2104 1860 2200 1893 posse
2220 1861 2277 1884 eos
2305 1852 2347 1885 de

1292 1903 1383 1936 civili
1403 1903 1579 1947 prudentia
1604 1902 1734 1942 docere,
1756 1902 1971 1935 manifestum
1987 1905 2038 1936 est
2064 1917 2071 1936 :
2090 1904 2171 1946 quia
2184 1904 2266 1936 nihil
2286 1906 2346 1937 aut

1289 1958 1422 1996 docent,
1442 1959 1501 1989 aut
1522 1956 1672 1989 scribunt
1688 1958 1746 1989 aut
1773 1956 1889 1988 dicunt
1917 1956 1959 1989 de
1980 1956 2103 1989 talibus
2122 1957 2234 1996 rebus,
2255 1958 2346 2000 quod

1289 2012 1403 2055 procul
1421 2010 1523 2043 dubio
1552 2009 1709 2048 facerent,
1734 2009 1762 2042 si
1781 2011 1914 2051 possent
1944 2021 1951 2041 z
1971 2019 2049 2042 nam
2078 2010 2347 2043 honorificentius

1288 2064 1355 2097 illis
1373 2066 1407 2096 et
1434 2062 1628 2105 praeclarius
1647 2062 1731 2097 foret
1754 2062 1836 2094 tales
1856 2071 2035 2101 sermones,
2056 2072 2159 2105 quam
2182 2063 2347 2095 orationes

1284 2117 1460 2161 judiciales
1484 2118 1543 2148 aut
1566 2116 1737 2148 conciones
1756 2115 1900 2148 scribere
1923 2127 1930 2147 ε
1955 2118 2115 2158 praeterea
2134 2116 2219 2149 filios
2244 2117 2345 2150 etiam

1288 2181 1366 2204 suos
1388 2171 1537 2212 aliosque
1555 2179 1596 2202 ex
1619 2169 1735 2201 amicis
1750 2169 1792 2201 ad
1816 2169 2054 2211 rempublicam
2075 2170 2253 2211 gerendam
2283 2180 2341 2212 ap-

1284 2227 1340 2257 tos
1362 2222 1541 2262 efficerent,
1562 2222 1590 2254 si
1609 2224 1741 2264 possent
1759 2235 1766 2254 :
1795 2232 1902 2265 neque
1918 2222 2006 2255 enim
2029 2222 2198 2265 probabile
2215 2226 2247 2256 et
2267 2234 2346 2257 con-

1288 2280 1482 2311 sentaneum
1498 2278 1560 2315 est,
1582 2275 1732 2308 homines
1757 2275 1799 2308 ad
1816 2285 1886 2308 eam
1907 2285 1977 2308 rem
1999 2276 2131 2309 idoneos
2151 2277 2237 2310 nolle
2258 2278 2342 2310 ami-

1289 2341 1345 2365 cos
1367 2339 1455 2369 suos,
1482 2329 1549 2361 imo
1567 2328 1795 2367 amicissimos,
1816 2328 1875 2360 tali
1893 2328 2024 2362 afficere
2054 2329 2213 2362 beneficio
2237 2344 2244 2363 ε
2269 2341 2345 2364 nam

1291 2395 1397 2429 neque
1412 2383 1520 2426 majus
1541 2385 1599 2416 aut
1622 2383 1738 2415 utilius
1757 2383 1880 2415 bonum
1897 2383 2025 2415 civitati
2052 2384 2239 2426 relinquere
2251 2389 2346 2427 pote-

1293 2441 1378 2478 rant,
1395 2447 1497 2481 quam
1515 2437 1542 2470 si
1562 2437 1639 2469 talia
1654 2435 1899 2468 conscriberent
1916 2438 1950 2468 et
1964 2436 2131 2476 docerent,
2146 2446 2253 2479 neque
2267 2438 2344 2478 sibi,

1293 2495 1350 2525 aut
1370 2491 1446 2524 filiis
1477 2491 1557 2529 suis,
1583 2491 1641 2521 aut
1662 2488 1881 2522 familiaribus
1901 2488 2086 2532 quidquam
2108 2489 2170 2521 hac
2187 2489 2346 2524 facultate

1291 2544 1506 2588 praestantius
1528 2544 1684 2584 exoptare
1700 2543 1844 2583 possent.
1863 2540 2076 2574 Manifestum
2090 2541 2193 2584 igitur
2208 2546 2259 2575 est
2276 2553 2343 2583 eos,

1289 2599 1316 2631 si
1335 2597 1526 2640 reipublicae
1544 2594 1753 2637 disciplinam
1776 2593 1907 2627 tradere
1933 2597 2078 2637 possent,
2098 2595 2345 2630 desideraturos

1289 2663 1423 2697 quoque
1439 2653 1542 2686 fuisse
1563 2661 1634 2684 eam
1659 2650 1802 2689 tradere,
1820 2652 1853 2683 et
1874 2650 2058 2683 tradituros
2077 2663 2085 2683 :
2107 2661 2212 2693 quum
2233 2654 2343 2685 autem

1289 2712 1445 2753 appareat
1459 2719 1515 2742 eos
1540 2719 1604 2741 non
1621 2708 1751 2746 docere,
1771 2707 1888 2749 liquet,
1904 2716 2011 2749 neque
2036 2707 2182 2748 potuisse
2207 2703 2263 2739 eos
2278 2707 2338 2739 do-

1288 2776 1374 2806 cere,
1395 2775 1502 2809 neque
1526 2766 1615 2808 ipsos
1630 2765 1684 2797 via
1707 2765 1740 2796 et
1760 2763 1899 2803 ratione,
1919 2765 1977 2795 aut
1994 2763 2145 2801 scientia,
2168 2763 2224 2795 sed
2244 2773 2346 2806 expe-

1289 2823 1407 2857 rientia
1425 2822 1529 2855 fretos
1562 2821 1694 2864 publica
1722 2819 1852 2862 negotia
1879 2828 1992 2861 gerere
2023 2829 2029 2850 :
2061 2829 2137 2852 nam
2162 2819 2345 2861 plurimum

1288 2881 1331 2913 ad
1356 2880 1520 2922 agendum
1549 2878 1676 2911 confert
1699 2876 1901 2920 experientia
1925 2889 1933 2908 2
1960 2875 2126 2919 siquidem
2146 2885 2209 2908 usu
2232 2876 2341 2918 reipu-

1288 2936 1384 2969 blieae
1409 2934 1559 2977 gerendae
1576 2936 1610 2967 et
1627 2932 1865 2966 consuetudine
1886 2931 2036 2964 homines
2062 2930 2104 2963 ad
2129 2931 2256 2972 negotia
2280 2940 2345 2972 pu-

1289 2993 1375 3026 blica
1394 2993 1539 3035 aptiores
1564 2991 1722 3024 evadunt.
1744 2989 1967 3029 Quamobrem
1991 2989 2050 3032 qui
2073 2988 2199 3030 aliquid
2219 2988 2261 3020 de
2289 2998 2340 3020 re-

1288 3051 1420 3094 publica
1449 3049 1592 3092 gerenda
1624 3049 1708 3082 scire
1743 3048 1902 3090 cupiunt,
1941 3047 1983 3079 iis
2012 3047 2112 3079 etiam
2141 3045 2343 3088 experientia

1289 3108 1400 3151 aliqua
1422 3110 1455 3141 et
1472 3106 1710 3140 consuetudine
1729 3114 1812 3148 opus
1835 3107 1896 3138 est.

1331 3167 1395 3200 Sed
1411 3168 1445 3199 et
1462 3166 1523 3209 ipsi
1543 3165 1702 3208 sophistae
1721 3174 1826 3208 quum
1844 3163 2034 3206 reipublicae
2051 3161 2257 3203 disciplinam
2271 3163 2340 3194 tra-

1290 3227 1368 3260 dere
1387 3237 1422 3260 se
1449 3226 1678 3270 profiteantur,
1705 3224 1789 3257 nihil
1818 3226 1928 3256 tamen
1962 3223 2091 3260 docent,
2120 3221 2175 3253 sed
2211 3222 2340 3253 tantum

177 3306 2335 3324 Μ

214 3363 231 3382 *
251 3364 318 3408 ””Αρ
341 3363 398 3398 οὗν
414 3365 499 3407 μετὰ
515 3377 615 3398 τουτο
631 3363 845 3397 ἐπισκεπτέον
862 3364 933 3395 κτλ.
964 3381 1005 3387 -
1020 3362 1058 3381 **
1074 3362 1118 3394 Ἢ
1144 3362 1208 3404 οὐχ
1224 3362 1338 3403 ὅμοιον
1354 3358 1502 3402 φαίνεται
1519 3360 1570 3392 ἐπὶ
1588 3363 1644 3398 τῆς
1667 3359 1833 3397 πολιτικῆς
1847 3381 1855 3397 ,
1871 3357 2000 3389 κτλ.-

2024 3355 2077 3373 ***
2100 3356 2139 3388 Οἳ
2159 3355 2280 3392 δόξαιεν
2301 3356 2339 3387 ἄν

174 3411 308 3454 δυνάμει
324 3413 394 3445 κτλ
415 3432 453 3439 -
470 3413 553 3433 *⁴⁸³*
572 3414 646 3446 Τῶν
664 3414 698 3445 δὲ
722 3413 890 3454 σοφιστῶν
906 3413 937 3444 οἱ
955 3409 1224 3453 ἐπαγγελ)ὀμενοι
1246 3410 1318 3442 λίαν
1337 3407 1508 3451 φαίνονται
1522 3409 1592 3440 κτλ.
