2508 3776
292 246 370 285 32⁶2

292 332 352 370 καὶ
386 331 539 382 μάλιστα
563 330 607 368 τὰ
643 329 711 368 ἀπὸ
731 332 793 376 τῆς
824 327 966 382 ἀρίστης
1001 329 1112 375 αἰτίας
1133 329 1318 381 γινόμενα,

289 390 367 438 ἥτις
377 389 467 428 ἐστὶν
488 392 510 436 ἡ
531 390 652 441 ἀρετή.
673 387 807 431 Ἄλλως
825 404 864 427 τε
883 390 922 427 τὸ
937 390 1098 440 μέγιστον
1115 389 1243 440 ἀγαθὸν
1262 388 1322 427 καὶ

288 450 476 488 κάλλιστον
501 447 562 493 τὴν
590 446 816 497 εὐδαιμονίαν
839 447 1023 500 ἐπιτρέψαι
1048 451 1091 501 τῇ
1119 448 1222 500 τύχῃ,
1243 447 1320 486 λίαν

286 506 490 559 πλημμελὲς
511 505 552 544 ἂν
573 506 640 554 εἴη.
658 507 771 545 Τοῦτο
794 505 830 544 δὲ
855 507 1000 559 φανερόν
1023 509 1099 546 ἐστι
1117 507 1177 546 καὶ
1203 509 1242 545 ἐκ
1261 509 1320 544 τοῦ

287 566 469 620 εἰρημένου
509 568 571 613 τῆς
613 564 835 616 εὐδαιμονίας
879 567 1036 616 ὁρισμοῒν
1085 565 1220 617 εἴρηται
1256 563 1323 616 γὰρ

286 628 401 679 ψυχῆς
433 623 587 677 ἐνέργεια
620 626 699 663 κατ’
728 623 853 676 ἀρετὴν
878 625 911 661 ἐν
936 623 1001 676 βίῳ
1026 623 1165 676 τελείῳ.
1200 622 1258 662 Τὰ
1288 621 1323 661 δὲ

286 684 390 723 λοιπὰ
407 682 543 735 ἀγαθοί,
565 683 610 721 τά
631 698 668 721 τε
699 681 885 733 σωματικά
900 712 909 730 ,
934 683 1038 721 αὐτοῦ
1061 686 1123 720 τοῦ
1142 681 1321 733 σώματος,

286 743 346 782 καὶ
379 741 423 780 τὰ
451 742 532 795 περὶ
559 741 598 780 τὸ
630 744 757 792 σῶμα,
778 740 823 779 τὰ
845 740 907 792 μὲν
939 741 1113 792 ἀναγκαῖα
1146 740 1231 794 πρὸς
1260 740 1323 788 τὴν

286 801 507 852 εὐδαιμονίαν
520 830 530 849 ,
549 799 594 839 τὰ
613 800 648 838 δὲ
669 799 828 853 καθάπερ
849 799 981 853 ὄργανά
998 800 1065 838 εἶσι
1085 799 1170 852 πρὸς
1197 799 1319 847 αὐτήν.

287 863 478 913 Ἀναγκαῖα
503 858 586 910 μέν,
606 854 676 898 οἶον
703 859 817 912 ὑγίεια
848 859 1029 909 σώματος,
1055 859 1115 898 καὶ
1136 862 1225 906 ζωῆς
1246 858 1324 897 ἐπί-

285 937 404 969 τασις,
425 919 486 958 καὶ
506 919 536 958 τ’
566 918 678 967 ἄλλα,
699 912 746 957 ὧν
775 918 882 972 χωρὶς
911 921 972 957 οὐκ
998 918 1070 957 ἔστι
1099 919 1325 965 τελειωθῆναι

284 980 346 1026 τὴν
369 978 602 1029 εὐδαιμονίαν·
633 977 764 1030 ὄργανα
797 977 851 1025 δέ,
872 976 991 1030 ὥσπερ
1017 979 1163 1022 πλοῦτος
1187 977 1247 1016 καὶ
1267 977 1322 1030 φί-

264 1040 349 1077 χλοι.
373 1039 418 1077 Εἰ
431 1036 544 1076 τοίνυν
568 1030 664 1080 οὗτός
685 1037 776 1074 ἐστιν
797 1037 815 1073 ὃ
838 1036 977 1088 ὁρισμὸς
1003 1039 1064 1083 τῆς
1084 1035 1324 1088 εὐδαιμονίας,

285 1100 358 1141 πῶς
378 1097 418 1135 ἂν
440 1096 555 1134 αἰτίαν
578 1096 651 1148 ἔχοι
665 1095 727 1142 τὴν
747 1094 878 1147 τύχην;
898 1098 920 1142 ἡ
935 1095 1000 1147 γὰρ
1017 1095 1150 1148 ψυχικὴ
1172 1094 1324 1147 ἐνέργεια

285 1158 345 1195 οὐκ
363 1154 431 1193 ἀπὸ
451 1154 570 1207 τύχης.
595 1153 721 1207 Τούτῳ
742 1154 782 1201 δὴ
797 1156 846 1206 τῷ
863 1156 997 1206 ὁρισμῷ
1016 1154 1076 1192 καὶ
1095 1153 1139 1191 τὰ
1159 1154 1324 1205 εἰρημένα

285 1214 365 1266 περὶ
386 1216 445 1252 τοῦ
465 1213 583 1258 τέλους
603 1216 664 1260 τῆς
683 1214 864 1259 πολιτικῆς
897 1212 1082 1251 ἀκόλουθα.
1103 1213 1154 1251 Τὸ
1174 1212 1242 1264 γὰρ
1264 1215 1324 1257 τῆς

286 1275 467 1319 πολιτικῆς
497 1273 593 1316 τέλος
618 1273 657 1310 τὸ
689 1271 829 1324 ἄριστον
861 1271 1024 1323 ἐλέγομεν
1050 1264 1158 1319 εἶναι,
1181 1271 1241 1309 καὶ
1268 1270 1323 1308 διὰ

286 1337 386 1371 τοῦτο
404 1333 438 1369 ἐν
459 1333 546 1384 αὐτῇ
565 1325 652 1369 εἶναι
670 1330 733 1378 τὴν
752 1330 971 1382 ἀνθρωπίνην
995 1329 1237 1380 εὐδαιμονίαν.
1258 1331 1325 1368 Εἷ-

285 1390 392 1434 κότως
416 1384 474 1428 οἶν
494 1389 572 1428 οὔτε
591 1388 699 1428 ἵππον
714 1419 724 1439 ,
755 1388 833 1427 οὔτε
863 1391 943 1439 βοῦν
958 1419 968 1437 ,
988 1387 1070 1427 ὀὔτε
1097 1389 1185 1427 ἄλλο
1200 1404 1234 1426 τι
1255 1391 1322 1427 τῶν

284 1448 381 1503 ζῴων
419 1448 584 1499 εὔδαιμον
620 1447 779 1499 λέγομεν·
813 1447 907 1487 οὐδὲν
942 1447 1008 1500 γὰρ
1041 1449 1155 1486 αὐτῶν
1189 1442 1259 1486 οἶόν
1286 1463 1323 1486 τε

237 1531 239 1533 -
284 1510 494 1554 κοινωνῆσαι
525 1507 687 1554 τοιαύτης
721 1506 908 1559 ἐνεργείας.
942 1507 1008 1546 Διὰ
1045 1507 1173 1554 ταύτην
1202 1506 1238 1545 δὲ
1260 1506 1323 1555 τὴν

285 1566 399 1604 αἰτίαν
419 1565 498 1604 οὐδὲ
518 1571 600 1609 παῖς
616 1564 789 1616 εὐδαίμων
810 1565 914 1604 ἐστίν·
933 1565 1030 1605 οὔπω
1050 1566 1116 1619 γὰρ
1135 1566 1325 1619 πρακτικὸς

284 1628 352 1668 τῶν
372 1624 535 1663 τοιούτων
553 1625 610 1664 διὰ
627 1623 690 1672 τὴν
709 1625 863 1671 ἡλικίαν.
886 1626 933 1664 Οἳ
953 1625 989 1664 δὲ
1007 1626 1189 1678 λεγόμενοι
1211 1626 1325 1665 εὐδαί·

286 1699 387 1735 μονες
408 1685 529 1728 παῖδες
551 1684 608 1723 διὰ
629 1684 693 1732 τὴν
714 1685 839 1723 ἐλπίδα
864 1686 1134 1737 μακαρίζονται.
1157 1689 1218 1726 Δεῖ
1238 1687 1322 1739 γάρ,

285 1745 330 1787 ὥς
349 1742 493 1793 εἴπομεν
507 1772 517 1791 ,
534 1742 594 1782 καὶ
613 1746 739 1795 ἀρετῆς
758 1743 818 1782 καὶ
840 1744 915 1795 βίου
935 1744 1081 1783 τελείου.

342 1800 359 1818 *
377 1801 513 1840 [Ιολλαὶ
521 1801 588 1854 γὰρ
606 1801 800 1852 μεταὸολαὶ
810 1803 961 1855 γίνονται
971 1803 1031 1842 καὶ
1042 1808 1205 1843 παντοῖαι
1218 1803 1323 1857 τύχαι

285 1859 376 1901 κατὰ
397 1859 454 1898 τὸν
473 1860 545 1912 βίον
558 1888 568 1906 ,
582 1859 645 1898 καὶ
665 1861 843 1914 ἐνδέχεται
863 1863 922 1900 τὸν
939 1862 1096 1912 μάλιστα
1114 1864 1324 1910 εὐθηνοῦντα

286 1919 457 1970 μεγάλαις
477 1924 670 1971 συμφοραῖς
697 1921 897 1972 περιπεσεῖν
918 1921 976 1960 ἐπὶ
997 1921 1135 1974 γήρως,
1162 1923 1323 1974 καθάπερ

285 1979 319 2016 ἐν
353 1984 423 2022 τοῖς
456 1980 620 2030 ἡρωϊκοῗς
647 1978 727 2032 περὶ
760 1979 925 2032 Πριάμου
961 1979 1159 2030 μυθεύεται·
1195 1981 1253 2019 τὸν
1286 1980 1320 2019 δὲ

285 2037 464 2082 τοιαύταις
477 2038 700 2089 χρησάμενον
716 2038 838 2091 τύχαις
853 2039 912 2078 καὶ
926 2039 1185 2087 τελευτήσαντα
1199 2039 1325 2083 ἀθλίως

285 2092 395 2141 οὐδείς
415 2097 660 2146 εὐδαιμονίζει.

341 2157 510 2209 (Scripsi
530 2168 538 2196 1
563 2156 807 2210 τελειοτέραν]
829 2158 917 2198 cod.
940 2158 1200 2212 τελειωτέραν.)

718 2276 809 2328 Κεφ.
842 2274 897 2320 ιζ’.

573 2390 611 2421 Εἰ
626 2390 677 2421 δεῖ
692 2390 813 2426 ζῶντας
830 2390 1030 2433 μακαρίζειν.

342 2486 374 2502 **
396 2486 546 2539 Πότερον
563 2481 620 2525 οῧν
639 2489 713 2526 οὐδ’
728 2488 831 2527 ἄλλον
851 2489 972 2528 οὐδένα
989 2490 1179 2543 ἀνθρώπων
1202 2493 1324 2532 εὐδαι-

286 2544 433 2595 μονίζειν
454 2545 544 2591 ἄξιον
569 2546 630 2590 ἕως
648 2547 688 2585 ἂν
711 2549 774 2598 ζῇ,
793 2548 883 2587 ἀλλὰ
901 2549 1014 2603 χρεὼν
1032 2550 1072 2588 τὸ
1097 2551 1193 2596 τέλος
1222 2554 1321 2605 ὃρᾷν,

288 2604 378 2641 καθά
398 2619 483 2656 φησι
504 2605 648 2654 Σόλων;
670 2606 729 2644 καὶ
757 2609 785 2645 εἶ
806 2611 907 2647 τοῦτο
928 2609 1101 2660 θήσομεν,
1132 2609 1230 2650 ἔσται
1256 2612 1323 2665 ἄρα

285 2676 335 2704 τις
357 2661 532 2712 εὐδαίμων
557 2663 659 2714 τότε,
692 2665 832 2704 ἐπειδὰν
863 2668 1041 2721 ἀποθάνῃ;
1071 2668 1123 2708 Ἢ
1156 2671 1259 2710 τοῦτο’
1285 2689 1323 2725 γε

285 2721 464 2764 παντελῶς
497 2720 648 2770 ἄτοπον,
683 2725 717 2761 ἐν
748 2726 798 2776 τῷ
827 2726 989 2766 τεθνάναι
1014 2728 1076 2775 τὴν
1100 2730 1322 2781 εὐδαιμονίαν

285 2777 430 2825 ).αὸεῖν.;
454 2778 567 2822 ἄλλως
588 2797 625 2818 τε
654 2781 712 2820 καὶ
732 2782 783 2820 ὅτι
802 2788 823 2831 ἡ
845 2786 1047 2836 εὐδαιμονία
1080 2787 1115 2826 ἔν
1135 2804 1202 2828 τινι
1222 2792 1317 2844 ἐνερ-

285 2834 364 2888 γείᾳ
383 2835 504 2897 ἐστίνζυ
514 2837 581 2876 Ἐκ
612 2839 734 2878 τούτου
764 2841 799 2879 δὲ
823 2843 981 2895 φαίνεται
1002 2848 1135 2896 μᾶλλον
1159 2850 1195 2888 ἓν
1217 2850 1323 2903 ἀργία

287 2895 453 2932 παντελεῖ
470 2898 573 2934 εῖναι.
1310 2890 1317 2905 ¹

340 2951 393 2969 ***
413 2953 569 3004 Λέγομεν
591 2955 646 3003 δέ,
673 2955 725 2995 ὅτι
746 2957 825 2996 οὔτε
856 2962 955 3010 ἡμεῖς
977 2962 1055 3002 οὔτε
1088 2966 1106 3002 ὁ
1124 2966 1245 3006 Σόλων
1264 2968 1321 3008 τὸν

286 3014 455 3050 τεθνεῶτα
489 3014 672 3066 μακαρίζει
701 3016 757 3054 διὰ
785 3017 824 3056 τὸ
850 3020 1028 3072 τεθνάναι,
1053 3024 1133 3062 ἀλλ’
1148 3024 1200 3064 ὅτι
1217 3027 1322 3081 μέχρι

287 3073 414 3116 παντὸς
432 3075 450 3111 ὃ
466 3073 536 3125 βίος
553 3076 647 3128 αὐτῷ
662 3076 829 3129 μακάριος
844 3073 900 3127 ἦν,
923 3081 982 3119 καὶ
1000 3084 1051 3121 ὅτι
1072 3091 1260 3131 τηνικαῦτα
1282 3088 1321 3126 ἄν

286 3146 336 3174 τις
357 3133 518 3184 ἀσφαλῶς
530 3134 754 3185 μακαρίσειεν
771 3137 970 3189 ἄνθρωπον,
988 3143 1034 3185 ὡς
1055 3144 1149 3187 ἐκτὸς
1166 3144 1234 3193 ἤδη
1252 3149 1320 3185 τῶν

289 3191 406 3228 κακῶν
421 3189 503 3229 ὄντα
517 3192 575 3230 καὶ
591 3193 882 3245 δυστυχημάτων.
909 3199 1023 3238 Πάλιν
1038 3201 1074 3238 δὲ
1088 3203 1150 3240 οὐκ
1168 3204 1321 3255 ἀρκοῦσα

287 3251 309 3295 ἡ
330 3247 427 3293 λύσις
442 3250 548 3289 δοκεῖ.
571 3250 713 3304 Ἀπορία
732 3255 799 3306 γάρ
817 3256 910 3294 ἐστιν
926 3257 996 3305 ἔτι,
1018 3260 1048 3297 εἰ
1068 3261 1214 3313 λέγομεν
1235 3257 1322 3302 εἷναί

287 3323 321 3346 τι
340 3310 389 3359 τῷ
411 3311 569 3348 τεθνεῶτι
589 3310 650 3349 καὶ
671 3312 778 3351 κακόν
798 3330 831 3351 τι
850 3314 911 3352 καὶ
932 3317 1061 3367 ἀγαθόν
1075 3349 1086 3369 ,
1109 3320 1171 3358 καὶ
1192 3323 1317 3360 αἰσθα-

884 3411 1337 3427 Ἢ

1104 240 1382 282 ANDRONICI
1413 240 1593 280 RHODII

1385 334 1566 367 absurdum
1582 332 1693 366 fuerit.
1716 332 1812 371 Quod
1835 333 1944 375 ipsum
1963 334 2018 367 vel
2041 343 2082 367 ex
2105 335 2270 377 superiore
2284 334 2405 380 felicita
2496 367 2499 369 ,

1383 393 1429 426 tis
1455 392 1642 425 definitione
1669 391 1889 434 intelligitur:
1917 392 2061 426 diximus
2089 394 2176 426 enim
2206 403 2276 427 esse
2300 394 2420 432 hones·
2447 417 2455 421 -
2494 394 2499 432 ᾗ

1384 450 1458 481 tum
1472 449 1572 481 animi
1590 451 1701 481 actum
1719 448 1754 481 in
1774 449 1844 482 vita
1869 449 2024 491 perfecta.
2061 451 2198 494 Reliqua
2212 462 2291 487 vero
2310 453 2413 489 bem?
2480 443 2485 451 ¹

1385 516 1462 540 cum
1479 517 1652 550 corporea,
1681 517 1757 550 quae
1787 508 1891 550 ipsius
1919 509 1996 541 sunt
2017 510 2180 552 corporis,
2202 513 2276 545 tum
2301 513 2421 546 caetera

1385 576 1462 609 quae
1478 567 1519 600 ad
1545 576 1663 609 corpus
1689 566 1888 605 referuntur,
1916 567 2037 608 partim
2061 568 2103 601 ad
2129 568 2320 604 felicitatem
2343 572 2422 605 sunt

1386 626 1588 665 necessaria,
1603 626 1724 668 partim
1738 628 1896 668 tanquam
1917 615 2134 659 instrumenta
2149 627 2191 660 ad
2211 636 2284 662 eam
2302 621 2349 664 se*
2365 629 2423 665 ha-

1386 685 1477 718 bent.
1510 686 1553 717 Et
1584 685 1766 718 necessaria
1786 685 1920 727 quidem
1950 686 2027 717 sunt
2046 684 2142 717 verbi
2172 694 2272 719 causa
2299 686 2424 731 sanitas

1385 744 1550 786 corporis,
1570 753 1674 786 eaque
1698 753 1774 786 quae
1790 743 1833 776 ad
1855 744 1958 776 vitam
1983 743 2212 777 sustinendam
2239 736 2365 784 valent,
2390 747 2424 780 et

1386 802 1522 841 similia,
1545 802 1614 835 sine
1628 802 1749 844 quihus
1771 802 1882 844 perfici
1909 812 1972 834 non
1989 803 2098 844 potest
2118 801 2260 836 felicItas
2273 814 2282 835 ε
2297 802 2425 838 instru-

1385 867 1495 899 menta
1507 875 1601 905 vero,
1625 868 1662 898 ut
1677 875 1755 908 opes
1772 868 1804 899 et
1819 866 1925 899 amici.
1948 865 2073 905 Quodsi
2093 866 2165 905 haec
2179 876 2258 900 vera
2277 868 2329 900 est
2348 859 2425 901 feli-

1385 925 1494 959 citatis
1511 925 1667 965 definitio,
1696 925 1861 967 quomodo
1877 935 1975 958 causa
1995 926 2065 967 ejus
2087 927 2254 959 statuatur
2266 925 2425 960 fortuna?

1385 985 1493 1018 Animi
1511 985 1597 1018 enim
1612 984 1759 1017 muneris
1779 983 1903 1017 functio
1926 995 1944 1016 a
1959 983 2091 1017 fortuna
2112 994 2176 1017 non
2191 985 2421 1027 proficiscitur.

1386 1043 1472 1076 Huic
1492 1053 1571 1077 vero
1592 1043 1774 1076 definitioni
1795 1043 1895 1076 etiam
1922 1043 2050 1085 reliqua
2079 1045 2294 1080 consentanea
2323 1045 2420 1083 sunt,

1385 1111 1461 1144 quae
1470 1102 1512 1136 de
1524 1102 1707 1144 prudentiae
1724 1102 1830 1135 civilis
1842 1102 1904 1134 fine
1918 1111 2016 1144 supra
2028 1102 2280 1144 disputavimus.
2296 1103 2423 1145 Quippe

1385 1161 1482 1194 finem
1498 1162 1570 1203 ejus
1586 1161 1621 1193 id
1636 1160 1725 1203 quod
1742 1160 1903 1202 optimum
1921 1163 1986 1199 est,
2004 1170 2076 1194 esse
2094 1160 2259 1200 diximus,
2282 1161 2423 1204 ideoque

1384 1220 1418 1252 in
1442 1229 1482 1252 ea
1504 1220 1684 1252 humanam
1703 1219 1894 1252 felicitatem
1913 1220 2099 1253 consistere.
2126 1220 2245 1253 Merito
2266 1228 2342 1263 ergo
2362 1228 2425 1254 neo

1385 1288 1526 1321 equum,
1545 1287 1618 1311 nec
1651 1278 1789 1317 bovem,
1816 1287 1876 1311 nec
1905 1278 1996 1311 aliud
2015 1279 2121 1313 simile
2143 1279 2265 1312 animal
2289 1278 2425 1312 beatum

1386 1337 1588 1379 appellamus
1611 1349 1618 1368 :
1638 1337 1717 1378 quia
1734 1336 1769 1369 in
1783 1337 1912 1369 nullum
1928 1346 2043 1370 eorum
2065 1336 2255 1380 huJusmodi
2279 1336 2425 1370 muneris

1384 1394 1511 1428 functio
1527 1395 1627 1428 cadit.
1649 1397 1698 1428 Ea
1715 1397 1828 1428 autem
1843 1395 1885 1429 de
1910 1405 2009 1429 causa
2028 1405 2090 1430 nec
2111 1405 2194 1439 puer
2214 1395 2332 1430 beatus
2344 1397 2421 1429 est:

1383 1453 1530 1486 nondum
1546 1453 1633 1486 enim
1651 1463 1711 1496 per
1725 1455 1858 1486 aetatem
1871 1454 1994 1487 talibus
2007 1454 2190 1488 actionibus
2203 1454 2341 1488 idoneus
2352 1462 2425 1488 esse

1384 1514 1503 1555 potest.
1539 1514 1574 1547 Si
1587 1513 1646 1555 qui
1665 1522 1744 1546 vero
1761 1513 1847 1546 inter
1869 1522 1989 1555 pueros
2005 1513 2093 1547 beati
2107 1514 2273 1553 dicuntur,
2291 1514 2426 1557 propter
2479 1535 2488 1547 .,

1384 1572 1504 1605 bonam
1521 1581 1622 1614 spem,
1642 1581 1744 1615 quam
1761 1571 1802 1605 de
1823 1572 1865 1605 iis
1888 1572 2096 1615 concepimus
2108 1599 2116 1612 ,
2138 1573 2186 1606 ita
2202 1562 2423 1607 nominantur.

1383 1631 1515 1664 Etenim
1540 1633 1574 1664 et
1597 1631 1740 1670 virtute,
1772 1633 1811 1664 ut
1834 1631 1998 1671 diximus,
2028 1634 2063 1665 et
2077 1632 2147 1665 vita
2165 1640 2249 1675 opus
2275 1633 2327 1666 est
2348 1640 2425 1675 per-

1384 1689 1480 1723 fecta.

1425 1747 1541 1781 Multae
1571 1747 1658 1780 enim
1684 1747 1720 1780 in
1739 1748 1808 1780 vita
1833 1757 1946 1781 rerum
1971 1748 2245 1782 commutationes
2273 1747 2425 1791 variique

1385 1815 1481 1839 casus
1495 1806 1737 1847 interveniunt;
1755 1806 1893 1849 fierique
1908 1809 2027 1849 potest,
2046 1809 2085 1840 ut
2102 1807 2163 1850 qui
2180 1816 2268 1841 nunc
2281 1806 2426 1841 fortuna-

1384 1865 1533 1898 tissimus
1557 1865 1619 1903 sit,
1641 1864 1670 1897 is
1693 1874 1794 1898 senex
1814 1865 1848 1897 in
1872 1865 2034 1898 maximas
2059 1866 2264 1900 calamitates
2283 1866 2318 1899 et
2334 1864 2423 1899 mala
2487 1911 2488 1914 Ἰ

1384 1924 1506 1957 incidat
1519 1950 1526 1963 ‚
1546 1923 1658 1966 qualia
1681 1923 1717 1956 in
1740 1924 1880 1956 heroicis
1903 1925 2103 1958 carminibus
2126 1925 2169 1959 de
2194 1925 2326 1959 Priamo
2360 1927 2427 1958 tra-
2478 1949 2484 1970 ,Β

1384 1982 1468 2016 dunt
1485 1984 1600 2024 poetae.
1622 1983 1687 2015 Sed
1702 1982 1760 2024 qui
1782 1983 1865 2015 tales
1877 1991 1974 2016 casus
1993 1982 2095 2016 fuerit
2115 1985 2272 2026 expertus
2293 1983 2426 2018 miserc-
2482 1974 2483 1977 ¹

1384 2051 1450 2083 que
1475 2050 1516 2075 ex
1531 2041 1602 2074 vita
1619 2041 1748 2080 abierit,
1768 2050 1845 2074 eum
1863 2040 2009 2083 profecto
2036 2051 2131 2075 nemo
2148 2042 2284 2077 beatum
2306 2042 2425 2085 proedi-

1385 2099 1449 2131 cat.

1765 2296 1769 2298 -
1807 2282 1884 2324 oap.
1909 2284 2012 2316 xvn.

1617 2393 1693 2422 Num
1707 2393 1808 2423 felices
1823 2394 1982 2430 judicandi
1994 2394 2057 2425 sint
2069 2395 2216 2426 viventes⁴

1427 2506 1570 2538 Nemone
1593 2505 1693 2547 igitur
1708 2506 1792 2538 alius
1808 2507 1998 2539 mortalium
2009 2533 2016 2546 ,
2047 2517 2148 2550 quam
2168 2508 2228 2542 diu
2243 2510 2328 2545 vivit
2343 2510 2423 2546 felix

1381 2564 1579 2607 ‚iudicandus
1594 2567 1663 2606 est,
1685 2566 1743 2598 sed
1767 2565 1855 2605 finis,
1884 2568 1922 2599 ut
1946 2567 2077 2600 volebat
2092 2569 2189 2602 Solon
2208 2570 2347 2612 spectari
2364 2571 2424 2605 de-

1383 2623 1462 2657 bet?
1493 2624 1618 2662 Quodsi
1646 2634 1763 2657 verum
1790 2634 1861 2658 esse
1887 2635 2047 2668 ponamus
2059 2653 2066 2666 ,
2094 2630 2252 2670 sequetur
2277 2629 2423 2672 aliquem

1383 2685 1458 2726 post
1477 2686 1617 2717 mortem
1639 2684 1767 2717 felicem
1787 2685 1880 2718 fore?
1899 2695 1941 2719 an
1962 2688 2074 2719 contra
2091 2678 2423 2730 prorsusfabsurdum

1384 2743 1453 2782 est,
1469 2743 1503 2775 in
1524 2745 1632 2776 morte
1654 2743 1847 2777 felicitatem
1870 2746 2013 2787 ponere?
2026 2746 2210 2788 praesertim
2224 2741 2333 2790 'quum
2343 2747 2422 2783 feli-

1382 2801 1465 2834 citas
1478 2801 1513 2834 in
1530 2800 1697 2835 functione
1716 2802 1860 2844 quadam
1879 2803 2026 2837 muneris
2042 2804 2210 2838 consistat.
2228 2806 2312 2839 Hinc
2331 2808 2422 2849 patet

1382 2859 1424 2892 de
1450 2859 1515 2892 ista
1543 2860 1705 2893 sententia
1723 2860 1814 2893 illam
1839 2861 1950 2903 potius
1976 2861 2011 2894 in
2026 2864 2184 2905 perpetuo
2203 2863 2271 2897 otio
2294 2866 2331 2898 et
2347 2873 2422 2908 seg-

1383 2918 1463 2951 nitie
1475 2919 1609 2951 versari.

1423 2976 1571 3010 Dicimus
1583 2986 1674 3019 ergo,
1695 2986 1802 3019 neque
1822 2986 1881 3010 nos
1896 2987 2003 3020 neque
2022 2979 2175 3014 Solonem
2197 2980 2320 3014 idcirco
2341 2981 2422 3016 bea-

1385 3037 1458 3068 tum
1473 3035 1622 3077 judicare
1637 3038 1822 3075 mortuum,
1843 3036 1922 3078 quia
1952 3037 1995 3070 sit
2015 3040 2185 3079 mortuus,
2208 3039 2266 3072 sed
2281 3040 2360 3082 quia
2378 3041 2421 3073 ad

1383 3093 1482 3126 finem
1498 3103 1603 3136 usque
1619 3094 1740 3127 vixerit
1755 3094 1851 3128 beate
1862 3120 1870 3134 ,
1892 3097 1965 3128 tum
1979 3105 2059 3138 vero
2080 3106 2176 3138 posse
2194 3098 2269 3130 tuto
2289 3097 2420 3132 felicem

1382 3152 1554 3194 praedicari
1567 3153 1728 3196 aliquem,
1742 3155 1782 3186 ut
1792 3153 1862 3196 jam
1873 3155 1967 3186 extra
1978 3154 2124 3187 omnium
2138 3155 2301 3189 malorum
2317 3158 2419 3200 atque

1381 3211 1636 3246 infortuniorum
1649 3212 1823 3246 discrimen
1835 3213 1989 3255 positum.
2009 3216 2134 3247 Rursus
2147 3217 2257 3248 tamen
2271 3215 2345 3249 haec
2363 3225 2418 3249 so-

1381 3269 1464 3302 lutio
1482 3280 1547 3303 non
1565 3271 1698 3304 videtur
1712 3270 1874 3304 sufficere.
1891 3271 2008 3305 Adhuc
2029 3273 2115 3305 enim
2130 3262 2277 3307 dubitari
2291 3275 2412 3317 potest,

1381 3338 1424 3361 an
1442 3329 1568 3371 aliquid
1583 3329 1638 3363 vel
1657 3330 1782 3363 malum
1804 3332 1934 3362 mortuo
1949 3332 2103 3373 putemus
2121 3341 2192 3365 esse
2210 3332 2264 3366 vel
2279 3333 2412 3373 honum.

330 3453 347 3471 ⁴‘
367 3453 489 3485 Πολλαὶ
501 3453 563 3499 γὰρ
581 3457 757 3497 μεταδολαὶ
774 3459 844 3491 κτλ.
865 3476 907 3485 -
924 3460 965 3481 μ
983 3462 1060 3504 Gap.
1081 3466 1128 3497 10.
1152 3465 1290 3510 πότερον
1311 3468 1366 3501 οὖν
1385 3470 1451 3502 οὐδ’
1471 3471 1566 3504 ἄλλον
1583 3472 1655 3505 κτλ.
1669 3487 1711 3497 --
1726 3471 1788 3492 4⁴⁰⁶
1809 3472 1848 3504 Εἰ
1862 3471 1897 3504 δὲ
1913 3473 1956 3514 μή
1970 3473 2102 3516 λέγομεν
2122 3474 2191 3506 κτλ.
