2508 3776
287 266 365 306 324
1095 254 1372 296 ANDRONICI
1398 254 1576 296 RHODII

286 349 491 400 ζητούμενον
509 349 559 399 τῷ
591 345 786 395 εὖδαίμονι,
811 344 849 382 τὸ
879 344 1022 395 μόνιμον
1043 343 1201 391 δηλονότι
1224 346 1318 397 αὐτῷ
1379 349 1576 391 quaerimus,
1596 348 1635 380 ut
1651 347 1808 380 nimirum
1825 346 1949 380 bonum
1971 348 2092 382 habeat
2114 349 2246 390 stabile,
2273 357 2312 382 ac
2333 348 2414 386 dum

284 403 372 447 εἶναι
388 408 426 446 τὸ
442 406 584 459 ἀγαθόν,
604 404 663 443 καὶ
679 403 777 443 ἔσται
793 403 849 442 διὰ
866 403 941 456 βίου
961 403 1150 455 εὐδαίμων.
1167 403 1235 442 Ἀεὶ
1251 403 1319 457 γὰρ
1379 407 1446 440 vita
1469 407 1613 449 suppetit
1641 405 1799 439 felicitate
1822 407 1947 439 utatur.
2013 408 2095 440 Nam
2126 408 2180 441 vel
2208 417 2335 450 semper
2361 407 2412 441 vel

282 466 304 513 ἢ
329 465 483 516 μάλιστα
503 463 642 502 πάντων
663 461 787 515 πράξει
806 461 866 501 καὶ
881 463 1047 514 θεωρήσει
1066 463 1127 506 τὰς
1140 462 1219 501 κατ’
1235 464 1319 516 ἀρε·
1379 466 1525 498 omnium
1540 465 1684 498 maxime
1698 474 1737 497 ea
1752 466 1786 497 et
1809 465 1883 505 aget
1908 465 1941 496 et
1966 464 2074 497 animo
2098 468 2217 505 cernet,
2244 475 2320 509 quae
2339 473 2414 499 cum

281 523 343 570 τὴν
365 522 504 576 πράξεις
523 522 584 561 καὶ
611 521 772 574 θεωρίας.
903 557 905 559 .
1379 525 1503 558 virtute
1521 525 1693 567 conjuncta
1709 525 1796 557 sunt.
1818 523 1905 562 Quin
1924 523 2025 556 etiam
2040 523 2183 559 fortunae
2203 526 2336 560 casibus
2349 525 2412 558 ob-

336 581 352 598 *
370 581 440 621 Καὶ
455 582 540 634 πρὸς
552 580 614 624 τὰς
632 581 741 632 τύχας
758 579 942 628 στήσεται,
964 579 1022 619 καὶ
1042 580 1108 619 ὑπὸ
1127 582 1195 619 τῶν
1214 581 1317 619 ἐναν-
1380 585 1491 623 sistet,
1525 593 1633 627 neque
1661 593 1808 626 unquam
1840 583 1882 615 ab
1913 582 2112 616 adversariis
2131 584 2324 623 mutabitur,
2357 583 2416 619 sed

280 644 360 681 τίων
393 642 555 690 οὐδεμίαν
576 640 737 679 πείσεται
771 638 971 690 μεταὸολήν
984 669 997 688 ,
1034 640 1110 678 ἀλλ’
1147 638 1234 678 οἴσει
1270 638 1318 678 τὰ
1379 652 1586 686 quaecunque
1613 642 1811 685 ingruerint,
1845 641 2065 684 pulcherrime
2094 644 2126 675 et
2156 642 2417 677 commodissime

280 701 419 740 ἐπιόντα
440 700 613 739 κάλλιστα
642 699 701 738 καὶ
724 697 970 750 ἐμμελέστατα
988 696 1007 735 ὅ
1021 712 1061 748 γε
1074 698 1092 720 ¹³
1114 699 1159 741 ὥς
1184 699 1320 745 ἀληθῶς
1379 700 1478 740 feret,
1500 703 1539 734 ut
1555 710 1633 734 vere
1649 701 1701 734 vir
1724 700 1830 734 bonus
1850 701 1883 733 et
1913 701 1982 733 sine
2006 699 2248 742 vituperatione
2272 699 2417 742 quadra-

280 759 422 811 ἀγαθός,
444 758 505 797 καὶ
523 758 735 810 τετράγωνος
748 786 758 804 ,
783 757 871 795 ἄνευ.
888 756 1009 809 ψόγου.
1379 763 1444 794 tus.
2361 794 2363 797 ,

332 817 367 834 **
389 817 536 855 Πολλῶν
557 816 592 854 δὲ
610 815 715 854 ὄντων
736 818 805 853 τῶν
823 813 1066 866 ἐπερχομένων
1085 813 1154 851 ἀπὸ
1173 816 1234 861 τῆς
1253 814 1314 852 τύ·
1421 819 1486 853 Sed
1498 829 1603 862 quum
1621 819 1726 852 multa
1741 818 1879 852 fortuito
1899 818 2062 857 eveniant,
2078 826 2181 860 eaque
2193 816 2417 860 magnitudine

277 892 343 928 χης
379 875 439 914 καὶ
459 878 528 913 τῶν
547 875 608 926 μὲν
628 874 788 926 μεγάλων
805 872 927 922 ὄντων,
948 875 1015 911 τῶν
1037 872 1073 910 δὲ
1092 874 1244 925 μικρῶν,
1271 870 1315 910 τὰ
1378 880 1411 911 et
1436 878 1600 920 parvitate
1615 877 1788 916 differant,
1814 887 1925 910 rerum
1943 878 2175 920 prosperarum
2195 875 2343 918 itemque
2354 874 2418 912 ad-

278 935 340 986 μὲν
356 934 464 987 μικρὰ
483 937 549 973 τῶν
568 933 834 986 εὐτυχημάτων,
858 932 982 982 ὁμοίως
1014 930 1049 969 δὲ
1067 931 1126 969 καὶ
1147 934 1214 969 τῶν
1236 935 1317 970 ἀτυ-
1378 947 1550 971 versarum
1572 937 1719 979 parvitas
1739 937 1866 969 nullam
1884 937 1956 970 viro
1973 936 2060 969 hono
2080 935 2265 969 molestiam
2286 933 2421 968 exhihe-

277 993 450 1047 χημάτων
465 1024 475 1044 ,
504 994 542 1031 οὗ
562 992 702 1045 παρέξει
723 992 917 1043 πράγματα
937 993 985 1043 τῷ
1008 990 1207 1042 σπουδαίῳ,
1240 989 1317 1029 οὐδὲ
1376 996 1442 1035 hit,
1466 1005 1574 1038 neque
1594 996 1697 1028 ullam
1713 996 1792 1029 vitae
1813 996 1883 1037 ejus
1898 995 2114 1028 mutationem
2132 993 2240 1027 faciet.

279 1053 396 1099 ἐπάξει
417 1054 466 1104 τῷ
488 1051 552 1104 βίῳ
573 1050 785 1101 μεταὸολήν.
1420 1057 1540 1097 Magna
1559 1056 1671 1087 autem
1699 1054 1840 1087 fortunae
1855 1053 2015 1087 beneficia
2033 1055 2067 1087 et
2084 1053 2191 1086 multa
2208 1053 2314 1086 vitam
2339 1051 2419 1085 bea-

331 1111 384 1128 ***
420 1110 478 1150 Τὰ
511 1109 546 1147 δὲ
567 1109 703 1160 μεγάλα
735 1108 793 1146 καὶ
824 1107 960 1155 πολλά,
985 1107 1213 1160 εὐτυχήματα
1252 1106 1313 1158 μὲν
1378 1112 1495 1144 tiore-m
1509 1111 1671 1153 efficient;
1688 1111 1855 1154 siquidem
1876 1111 1935 1144 illa
1954 1110 2148 1144 felicitatem
2167 1110 2267 1144 simul
2281 1111 2416 1154 ornant,

278 1170 360 1209 ὄντα
375 1201 385 1219 ,
418 1168 677 1220 μακαριώτερον
698 1167 755 1205 τὸν
779 1167 851 1218 βίον
870 1166 1020 1213 ποιήσει·
1043 1166 1102 1204 καὶ
1130 1167 1197 1218 γὰρ
1228 1165 1316 1204 αὐτὰ
1376 1180 1435 1203 nec
1451 1171 1514 1203 nisi
1526 1170 1569 1203 ad
1588 1170 1829 1212 pulcherrimas
1844 1179 1898 1202 res
1914 1179 1934 1202 a
1955 1170 2029 1202 viro
2046 1170 2132 1203 bono
2144 1169 2355 1205 adhibentur..

280 1229 529 1277 συνεπικοσμεῖ
554 1225 615 1273 τὴν
646 1226 879 1276 εὐδαιμονίαν·
908 1228 1036 1278 χρῆται
1061 1225 1128 1277 γὰρ
1155 1227 1271 1269 αὐτοῖς
1298 1228 1316 1263 ὁ
1419 1232 1459 1262 At
1475 1239 1528 1262 res
1549 1230 1696 1262 adversae
1716 1230 1871 1270 premunt
1887 1229 1921 1261 et
1936 1230 2150 1270 corrumpunt
2167 1228 2274 1261 vitam
2288 1227 2418 1261 beatam

278 1289 462 1330 σπουδαῖος
482 1286 539 1324 ἐπὶ
559 1285 602 1324 τὰ
618 1285 803 1324 κάλλιστα.
1378 1290 1411 1320 et
1432 1288 1615 1320 multorum
1643 1296 1820 1320 munerum
1846 1286 2032 1320 functiones
2059 1286 2266 1329 impediunt;
2294 1295 2416 1320 verun-

331 1346 402 1363 ****
422 1345 647 1397 Ἇτυχήματα
669 1344 703 1382 δὲ
723 1343 805 1381 ὄντα
827 1342 935 1381 θλίὸει
951 1342 1013 1392 μὲν
1031 1342 1090 1380 καὶ
1110 1342 1314 1392 λυμαίνεται
1378 1349 1488 1379 tamen
1515 1346 1613 1379 etiam
1636 1346 1670 1378 in
1689 1345 1742 1378 his
1768 1345 1917 1388 splendet
1935 1347 2035 1387 atque
2061 1345 2168 1378 elucet
2191 1345 2301 1387 ipsum
2315 1345 2420 1379 hone-

276 1407 316 1446 τὸ
331 1405 514 1457 μακάριον,
526 1404 584 1442 καὶ
600 1403 775 1453 ἐμποδίζει
789 1403 934 1444 πολλαῖς
951 1400 1149 1452 ἐνεργείαις,
1172 1400 1265 1451 ὅμως
1282 1401 1316 1440 δὲ
1378 1407 1477 1443 stum,
1494 1406 1567 1436 tum
1579 1404 1731 1439 maxime.
1748 1413 1853 1446 quum
1866 1403 1942 1445 quis
1953 1403 2077 1436 multas
2089 1405 2124 1436 et
2135 1412 2270 1446 magnas
2283 1403 2421 1436 calami-

276 1465 335 1503 καὶ
363 1467 397 1503 ἐν
413 1463 542 1506 τούτοις
564 1462 755 1512 διαλάμπει
777 1460 815 1498 τὸ
836 1460 961 1506 καλόν,
984 1459 1123 1498 ἐπειδὰν
1156 1458 1243 1512 φέρῃ
1266 1475 1318 1503 τις
1378 1464 1463 1494 tates
1484 1471 1579 1504 aequo
1600 1462 1707 1494 animo
1726 1461 1801 1501 fert,
1833 1471 1897 1494 non
1923 1461 2013 1504 quod
2039 1461 2163 1494 doloris
2180 1470 2280 1496 sensu
2307 1463 2418 1495 careat

277 1524 426 1566 εὐκόλως
445 1521 577 1564 πολλὰς
598 1520 655 1558 καὶ
675 1520 830 1571 μεγάλας
848 1519 992 1571 ἀτυχίας
1005 1549 1015 1569 ,
1037 1520 1073 1556 οὐ
1098 1518 1143 1555 δι’
1163 1520 1316 1570 ἀναλγη-
1378 1523 1591 1562 stupeatque,
1611 1520 1669 1553 sed
1686 1520 1776 1562 quod
1793 1521 1940 1563 generosi
1956 1520 2131 1563 magnique
2154 1521 2205 1554 est
2225 1520 2336 1553 animi.

277 1582 354 1620 σίαν
374 1579 434 1618 καὶ
458 1577 684 1626 ἀναισθησίαν
701 1607 710 1625 ,
742 1578 831 1615 ἀλλὰ
853 1578 1019 1628 γεννάδας
1041 1575 1088 1614 ὢν
1110 1575 1170 1614 καὶ
1203 1592 1317 1628 μεγα-
1419 1579 1454 1612 Si
1469 1579 1602 1612 enimin
1619 1588 1796 1611 munerum
1811 1578 2037 1611 functionibus
2050 1578 2170 1611 virtuti
2190 1578 2416 1612 consentaneis

280 1640 445 1693 λόψυχος,
1377 1638 1592 1670 beatitudinis
1613 1639 1732 1670 natura
1746 1637 1878 1678 nititur,
1905 1639 2006 1679 atque
2020 1637 2073 1669 hae
2095 1637 2176 1669 vitae
2190 1637 2296 1670 beatae
2316 1636 2419 1670 domi-

331 1698 418 1714 *****
440 1699 484 1736 F}
506 1696 573 1767 γὰρ
592 1697 624 1733 ἐν
643 1700 717 1739 ταῖς
740 1695 819 1733 κατ’
858 1692 983 1746 ἀρετὴν
1006 1692 1190 1746 ἐνεργείαις
1212 1696 1316 1744 ἠμα-
1377 1699 1493 1729 natum
1523 1705 1753 1738 summamque
1782 1696 1864 1729 adeo
1896 1697 2098 1738 potestatem
2121 1695 2289 1735 obtinent,
2322 1704 2418 1729 nemo

277 1757 440 1809 καριότης
453 1755 572 1808 ἔχειτὸ
583 1758 685 1801 εἶναι,
704 1769 763 1792 και
780 1757 881 1790 αυται
893 1752 1009 1804 κύριαί
1027 1753 1092 1790 εἶσι
1111 1754 1172 1799 τῆς
1188 1756 1246 1790 τοῦ
1261 1754 1316 1790 εὖ·
1347 1771 1352 1785 ι
1377 1767 1525 1799 unquam
1540 1757 1599 1799 qui
1625 1757 1742 1789 beatus
1759 1756 1839 1798 erit,
1865 1757 1968 1789 miser
1994 1758 2045 1790 est
2062 1755 2209 1796 futurus,
2231 1756 2311 1799 quia
2331 1765 2418 1788 nun—

278 1816 439 1864 δαίμονος
453 1816 557 1865 ζωης,
573 1812 713 1855 ουδεὶς
696 1828 736 1850 αν
757 1812 888 1863 γένοιτο
907 1813 974 1848 τῶν
993 1810 1175 1863 μακαρίων
1191 1810 1315 1854 ἅθλιος·
1376 1825 1477 1858 quam
1493 1817 1566 1857 aget
1587 1823 1663 1857 quae
1678 1815 1754 1847 odio
1768 1814 1866 1856 digna
1884 1816 1961 1847 sunt
1977 1816 2036 1847 aut
2055 1815 2215 1857 improba.
2239 1814 2415 1848 Hominem

277 1874 439 1912 οὐδέποτε
457 1872 524 1924 γὰρ
545 1871 667 1924 πράξει
684 1871 728 1909 τὰ
743 1869 877 1943 μισητὰ
897 1870 984 1907 καὶ
976 1871 1104 1922 φαῦλα.
1162 1870 1232 1907 Ἰὸν
1249 1870 1315 1922 γὰρ
1377 1875 1464 1907 enim
1476 1883 1554 1907 vere
1564 1874 1760 1916 prudentem
1775 1883 1812 1906 ac
1824 1873 1966 1916 probum
1977 1875 2134 1916 putamus
2147 1882 2262 1907 omues
2273 1872 2416 1906 fortunae

276 1937 322 1977 ὡς
347 1931 481 1979 ἀληθιῗς
514 1931 669 1984 ἔμφρονα
697 1945 756 1968 και
786 1928 914 1980 ἀγαθὸν
944 1929 1061 1971 πάσας
1091 1927 1233 1978 οἰόμεθα
1255 1929 1317 1972 τὰς
1377 1943 1473 1967 casus
1488 1933 1640 1966 decenter
1655 1931 1775 1965 serre.
1791 1934 1824 1964 et
1839 1931 2120 1974 quemadmodum
2135 1931 2280 1974 optimus
2295 1930 2416 1964 artifex

276 2007 384 2063 τυχας
407 1989 633 2063 εὐσχημόνως
662 1988 788 2041 φέρειν·
811 2003 866 2025 και
888 1986 1046 2059 κριθάπερ
1072 1989 1089 2024 ὃ
1107 1987 1243 2038 ἄριστος
1261 2004 1316 2026 τε-
1376 1990 1409 2022 in
1425 1991 1571 2032 qualibet
1590 1992 1729 2023 materia
1751 1992 1857 2023 artem
1886 2000 1980 2023 suam
2004 1991 2167 2029 ostentat,
2186 1991 2221 2023 et
2236 1989 2306 2022 dux
2328 1989 2417 2032 opti-

276 2052 396 2102 χνίτης
419 2047 487 2086 ἀπο
509 2063 570 2093 της
594 2045 764 2098 τυχούσης
784 2044 867 2091 ύλης
883 2043 945 2091 τὴν
969 2045 1058 2082 ἰδίαν
1084 2044 1316 2084 ἐπιδείκνυται
1376 2058 1452 2081 mus
1471 2049 1639 2087 exercitu,
1661 2057 1762 2090 quem
1777 2048 1864 2081 forte
1882 2048 2002 2087 habet,
2017 2048 2093 2081 licet
2108 2057 2173 2081 non
2189 2048 2330 2082 eximius
2349 2047 2416 2088 sit,

275 2108 423 2179 τεχνην,
447 2105 506 2144 καὶ
527 2104 721 2176 erpa-cmo?
741 2103 805 2153 μὲν
831 2105 879 2153 τῷ
902 2102 1048 2154 παρόντι
1069 2103 1316 2156 στρατοπέδῳ,
1375 2107 1619 2148 pugnacissime
1634 2107 1753 2147 utitur,
1772 2109 1805 2139 et
1819 2108 1911 2138 sutor
1926 2106 2072 2148 optimus
2085 2115 2126 2139 ex
2138 2106 2179 2139 iis
2191 2106 2417 2148 pellibusquae

275 2181 335 2204 και
356 2181 385 2203 ει
403 2163 451 2216 μὴ
483 2162 659 2215 ἀξιόλογον
680 2161 751 2210 εἴη,
778 2177 870 2213 χρητ
858 2176 910 2199 αι
930 2162 1227 2211 πολεμικώτατα,
1254 2178 1315 2200 και
1377 2165 1419 2197 ad
1444 2174 1522 2197 eum
1547 2164 1667 2197 delatae
1695 2165 1789 2202 sunt,
1816 2164 1963 2196 calceum
1985 2163 2245 2205 pulcherrimum
2269 2162 2415 2202 conficit,

275 2229 293 2264 ὃ
315 2224 527 2274 σκυτοτόμος
547 2225 564 2261 ὁ
586 2223 725 2274 ἄριστος
740 2224 779 2260 ἐκ
798 2237 866 2258 των
887 2221 1052 2258 δοθέντων
1073 2223 1207 2258 σκυτῶν
1226 2221 1314 2261 κοίλ-
1376 2225 1557 2267 eodemque
1568 2224 1668 2257 modo
1683 2223 1795 2257 caeteri
1808 2223 1950 2256 artifices
1961 2232 2102 2256 omnes:
2113 2223 2162 2256 ita
2174 2224 2208 2256 et
2220 2222 2338 2255 beatus
2353 2231 2416 2255 ιιοιι

276 2286 392 2322 λιστον
426 2282 592 2333 υπόδημα
620 2286 734 2326 ποιεῖ,
770 2280 827 2319 τὸν
852 2281 956 2316 αὐτὸν
990 2279 1026 2317 δὲ
1045 2279 1172 2331 τρόπον
1194 2280 1253 2318 καὶ
1284 2283 1315 2320 οἱ
1377 2293 1505 2326 semper
1529 2292 1701 2326 prosperos
1715 2292 1828 2315 rerum
1846 2291 2021 2316 successus
2042 2283 2154 2324 petet,
2178 2281 2237 2315 sed
2254 2290 2315 2324 pro
2329 2290 2418 2324 prae-

278 2343 378 2381 ἄλλοι
395 2356 550 2392 τεχνιται
570 2339 734 2384 ἅπαντες·
756 2337 847 2378 οὕτω
870 2337 930 2376 καὶ
948 2340 965 2376 ὃ
988 2337 1159 2390 μακάριος
1174 2340 1237 2378 οὐκ
1257 2339 1317 2378 εὕ-
1376 2343 1460 2375 senti
1475 2341 1608 2375 fortuna
1624 2350 1752 2383 semper
1763 2341 2016 2383 praeclarissima
2033 2340 2185 2373 facinora
2200 2339 2331 2373 efficiet.

278 2418 373 2455 ροιαν
397 2401 449 2438 ἀεὶ
471 2399 630 2448 ζητήσει,
645 2399 720 2437 ἀλλ’
738 2399 776 2436 ἔκ
796 2399 856 2444 τ’ἧς
870 2397 1051 2449 παρούσης
1070 2397 1177 2449 τύχης
1202 2398 1256 2437 ἀεὶ
1272 2398 1315 2437 τὰ
1417 2401 1577 2439 Quocirca
1601 2400 1701 2433 miser
1728 2400 1784 2433 ille
1803 2409 1973 2442 nunquam
2001 2399 2081 2438 erit,
2107 2398 2166 2432 sed
2187 2398 2415 2431 tantummodo

275 2463 445 2500 κάλλιστα
465 2458 603 2511 πράξει
1376 2471 1440 2494 non
1458 2462 1575 2494 beatus
1590 2462 1724 2502 propter
1734 2469 1846 2492 casum
1861 2459 2082 2501 repentinum,
2098 2458 2127 2491 si
2144 2458 2179 2490 in
2191 2457 2314 2491 Priami
2327 2458 2416 2491 cala-

329 2517 437 2536 ******
455 2517 559 2556 Καὶ
541 2517 597 2555 οιὰ
610 2519 710 2555 τοῦτο
729 2516 843 2560 ἄθλιος
858 2515 920 2566 μὲν
936 2514 1099 2554 οὐδέποτε
1116 2515 1241 2567 γένοιτ’
1258 2517 1314 2566 ἂν,
1374 2520 1507 2553 mitates
1522 2518 1683 2552 inciderit.

276 2577 366 2617 ἀλλὰ
402 2575 501 2626 μόνον
523 2577 560 2614 οὖ
583 2575 781 2628 μακάριοςο
802 2577 863 2621 τ’ῆς
894 2590 933 2626 γε
961 2573 1069 2626 τύχης
1101 2574 1225 2624 ἕνεκα,
1254 2577 1312 2616 ἐὰν
1415 2581 1528 2620 Neque
1545 2586 1623 2611 vero
1641 2577 1754 2610 varius
1767 2578 1800 2609 et
1811 2576 1981 2609 mutabilis
1994 2575 2066 2614 erit,
2085 2575 2164 2618 quia
2175 2584 2282 2617 neque
2299 2583 2417 2608 secun-

275 2637 490 2690 Πριαμικαῖς
512 2634 680 2708 περιπέσῃ
698 2633 834 2687 τύχαις.
1375 2637 1427 2670 dis
1445 2637 1545 2670 rebus
1556 2636 1653 2669 facile
1676 2636 1874 2674 movebitur,
1893 2643 2001 2677 neque
2018 2634 2220 2677 quibuslibet
2234 2634 2335 2667 rebus
2355 2632 2416 2665 ad-

328 2693 453 2711 *******
481 2693 573 2732 Οὐδὲ
603 2693 644 2739 δὴ
673 2694 826 2737 ποικίλος
844 2709 883 2745 γε
915 2692 974 2731 καὶ
1015 2691 1293 2742 εὖμετάὸολος”
1275 2710 1314 2732 ε-
1375 2696 1497 2734 versis,
1516 2695 1574 2728 sed
1591 2695 1718 2736 magnis
1731 2694 1871 2727 fortasse
1889 2695 1922 2726 et
1940 2693 2065 2726 multis.

275 2766 369 2793 σται·
393 2751 469 2790 οὔτε
491 2751 556 2824 γὰρ
579 2752 647 2790 ἀπο
666 2768 727 2798 της
761 2750 981 2802 εὐδαιμονίας
999 2751 1224 2798 κινηθήσεται
1246 2754 1314 2804 ῥα-
1418 2754 1483 2788 Sed
1503 2763 1544 2787 ne
1569 2754 1622 2786 his
1645 2753 1779 2796 quidem
1797 2753 1918 2786 facile:
1947 2751 2126 2794 siquidem,
2154 2750 2412 2793 quotiescunque

275 2814 375 2860 δίως,
396 2810 472 2849 οὔτε
491 2810 556 2847 υπὸ
578 2812 646 2849 τῶν
667 2812 842 2863 τυχόντων
865 2809 1117 2862 ατυχημάτων,
1140 2810 1217 2848 ἀλλ’
1239 2826 1258 2847 υ
1268 2825 1314 2847 πο
1376 2824 1394 2848 e
1408 2815 1503 2847 malis
1522 2823 1557 2847 se
1570 2814 1754 2852 emerserit,
1769 2821 1885 2845 rursus
1906 2811 2000 2854 longo
2017 2813 2164 2853 tempore
2176 2809 2218 2843 ad
2235 2809 2414 2852 perfectam

1376 2874 1545 2917 perveniet
1562 2873 1771 2912 felicitatem,
1793 2882 1812 2905 a
1835 2881 1903 2915 qua
1922 2871 1965 2904 ad
1993 2873 2124 2913 tempus
2154 2870 2320 2912 digressus
2344 2871 2412 2908 est,

1375 2933 1454 2975 quia
1475 2942 1540 2965 non
1566 2932 1661 2965 facile
1679 2933 1843 2970 movetur,
1873 2930 1932 2964 sed
1954 2929 2051 2971 longo
2069 2928 2226 2971 temporis
2241 2928 2415 2962 intervallo

1374 2992 1452 3024 talis
1474 2992 1554 3030 erit,
1577 3001 1681 3034 quum
1700 2999 1893 3032 magnarum
1907 2991 1940 3022 et
1959 2987 2173 3021 honestarum
2187 2996 2299 3021 rerum
2311 2987 2414 3019 inter-

1374 3060 1413 3084 ea
1431 3059 1563 3092 compos
1579 3050 1688 3083 factus
1706 3049 1818 3082 fuerit.

1417 3108 1505 3148 Quid
1519 3108 1621 3150 igitur
1639 3108 1806 3151 prohibet,
1828 3106 2005 3149 quominus
2017 3105 2119 3139 talem
2136 3104 2303 3138 hominem
2319 3103 2413 3136 dica-

1377 3178 1453 3201 mus
1481 3168 1633 3207 beatum,
1653 3167 1711 3210 qui
1730 3175 1805 3200 suas
1823 3166 1967 3198 actiones
1987 3165 2132 3208 perfecta
2146 3164 2272 3197 virtute
2294 3162 2413 3204 dirigat

1374 3230 1474 3270 atque
1490 3228 1524 3260 in
1537 3228 1637 3261 rebus
1653 3227 1796 3260 externis
1812 3225 1945 3259 duriore
1972 3225 2105 3258 fortuna
2130 3222 2307 3266 aliquando
2333 3230 2414 3254 con-

276 2873 436 2924 μεγάλων
457 2867 539 2913 ἴσως
560 2869 620 2908 καὶ
642 2871 796 2910 πολλῶν.

328 2929 465 2947 ********
479 2928 553 2968 Καὶ
567 2928 671 2967 οὐδὲ
659 2929 726 2966 υπὸ
741 2929 869 2967 τούτων
886 2928 1022 2983 ῥαδίως·
1041 2927 1116 2966 ἐπεὶ
1125 2926 1184 2966 καὶ
1196 2928 1313 2966 ἀπαλ-

274 2991 391 3041 λαγεις
404 2992 472 3028 τῶν
494 2990 624 3040 δυστυχ
624 2988 768 3037 ημάτων
784 2989 845 3027 οὐκ
860 2990 893 3026 ἐν
913 2988 1020 3041 ὂλίγω
1036 2986 1151 3040 χρόνῳ
1166 2986 1250 3039 πρὸς
1273 2986 1313 3025 τὸ

274 3049 403 3086 τέλειον
411 3046 549 3120 ἀγαθὸν
565 3051 839 3096 μεταπεσεῖται,
856 3050 894 3085 οὓ
913 3047 1034 3099 μικρὸν
1044 3045 1276 3097 παρέκλινε,
1258 3043 1314 3082 οιὰ

274 3106 315 3144 τὸ
327 3105 376 3157 μὴ
390 3106 568 3152 εὐκίνητος
579 3096 677 3141 εἶναι·
695 3104 797 3142 ἀλλ”
783 3120 818 3142 εν
831 3106 951 3143 πολλῶ
964 3105 1079 3159 χρόνῳ
1093 3104 1191 3143 ἔσται
1204 3120 1315 3144 τοιου-

274 3181 345 3213 τος,
365 3166 528 3216 μεγάλων
543 3179 603 3202 και
618 3164 735 3201 καλῶν
751 3163 785 3202 ἐν
803 3163 915 3216 τούτῳ
935 3163 1116 3215 γενόμενος
1132 3163 1312 3216 ἐπιτυχής.

327 3223 564 3263 *********'1t
603 3226 661 3260 οὖν
701 3220 826 3260 κωλύει
862 3224 918 3260 τὸν
953 3228 1103 3262 τοιοῦτον
1135 3222 1313 3275 ἄνθρωπον

2347 3316 2391 3324 -..-

314 3386 335 3406 ⁴¹
352 3386 416 3418 Καὶ
431 3384 487 3421 τὰς
500 3384 597 3426 τύχας
615 3384 685 3415 κτλ.
706 3398 747 3406 -
764 3382 804 3402 ⁴²*
821 3382 955 3414 Πολλῶν
971 3382 1005 3414 δὲ
1024 3383 1204 3425 γενομένων
1222 3384 1292 3415 κτλ.
1310 3399 1352 3407 -·-
1370 3384 1432 3404 *Ἠ*
1453 3385 1502 3417 Τα
1521 3385 1555 3417 δὲ
1570 3384 1694 3426 μεγάλα
1711 3384 1781 3416 κτλ.
1803 3399 1845 3406 —-
1861 3381 1944 3401 *μ*
1966 3379 2133 3413 Ἀνάπαλιν
2153 3380 2188 3412 δὲ
2213 3378 2412 3422 συμὸαίνον-

275 3444 316 3466 τα
345 3434 416 3466 κτλ.
432 3449 474 3456 —-
502 3431 606 3451 *μμ
629 3432 668 3463 Εἰ
700 3431 728 3462 δ’
748 3431 829 3462 εἰσὶν
848 3433 880 3462 αἱ
897 3430 1051 3473 ἐνέργειαι
1074 3433 1144 3463 κτλ.
1162 3447 1203 3454 ---
1223 3431 1347 3450 '‘⁸⁹“
1370 3436 1406 3466 [ἰ
1426 3434 1452 3464 δ’
1481 3433 1582 3469 οὕτως
1601 3433 1670 3464 κτλ.
1701 3446 1744 3455 --
1772 3428 1918 3450 Ὴμμ*
1941 3428 2026 3460 Οὐδὲ
2045 3428 2085 3467 δὴ
2111 3426 2256 3464 ποικίλος
2271 3427 2340 3459 κτλ.
2369 3443 2411 3448 -

278 3486 446 3506 *μμμ*
466 3485 527 3518 Ἕκ
545 3496 580 3518 τε
592 3485 658 3518 τῶν
676 3484 831 3517 τοιούτων
849 3485 918 3516 κτλ.
943 3501 978 3507 -—
994 3483 1184 3505 *********
1197 3484 1235 3516 Τί
1251 3484 1307 3516 οὖν
1321 3482 1435 3516 κωλύει
1452 3483 1522 3515 κτλ.
