2508 3776
269 159 347 197 536

321 248 340 266 '⁴‘
359 244 441 283 Ἔτι
459 244 493 282 δὲ
512 245 572 282 καὶ
595 238 662 283 ὦδε
682 245 785 291 δῆλον
797 244 1144 303 ἔσταιφυσικώτερον,
1165 249 1223 288 τὸν
1243 249 1305 288 λό-

264 321 322 356 γον
344 306 587 344 ἐπισκοττοῦσι.
620 303 843 356 Σκεψώμεθα
867 304 935 358 γὰρ
965 308 1028 346 οὔκ
1052 308 1121 347 ἀπὸ
1143 311 1211 348 τῶν
1235 309 1307 363 ἰδίᾳ

265 362 461 415 προσόντων
486 364 535 413 τῷ
554 362 750 412 εὐδαίμονι,
782 363 875 404 ἀλλὰ
900 365 969 405 ἀπὸ
989 368 1176 421 τῶνκοινῇ
1203 375 1305 409 πᾶσι.

265 423 316 462 Τὸ
339 422 400 472 μὲν
425 415 483 460 οἶν
504 423 564 468 ζῆν
585 427 673 460 πᾶσι
701 427 771 466 τοῖς
804 422 931 477 ζῴοιςὓ
960 424 1062 478 φύσει
1089 427 1182 466 ἐστὶν
1211 428 1277 475 ἡδύ
1297 444 1306 452 ·

263 480 301 519 τὸ
323 479 358 519 δὲ
376 482 437 526 ζῆν
459 479 629 531 ὁρίζονται
647 474 757 528 εἶναι,
775 481 809 520 ἐν
829 481 892 532 μὲν
910 485 981 527 τοῖς
1002 484 1139 535 ἀλόγοις
1159 484 1306 537 δύναμιν

263 538 477 586 αἰσθήσεως,
499 541 532 576 ἐν
567 539 603 577 δὲ
623 544 694 583 τοῖς
721 539 916 591 ἀνθρώποις
942 541 1090 592 δύναμιν
1113 543 1307 591 αἰσθήσεως

262 597 284 645 ἢ
308 598 469 645 νοήσεως.
494 596 542 637 ‘H
560 597 596 635 δὲ
618 597 763 649 δύναμις
781 598 838 637 διὰ
859 598 922 646 τὴν
943 599 1118 653 ἐνέργειαν
1135 604 1228 653 ἐστι,
1248 602 1308 641 καὶ

263 657 302 696 τὸ
318 657 434 709 κύριον
451 657 485 694 ἐν
499 659 543 709 τῇ
563 657 731 710 ἐνεργείᾳ·
755 658 784 695 εἷ
800 656 914 696 τοίνυν
933 659 972 696 τὸ
992 658 1162 699 δύνασθαι
1184 660 1306 699 αἷσθά·

261 720 393 763 νεσθαι,
411 716 550 763 ἢνοεῒν,
568 718 628 763 ζῆν
643 718 730 764 ἐστι,
749 717 871 770 πολλῷ
887 719 1020 768 μᾶλλον
1038 718 1122 758 αὐτὸ
1131 719 1170 759 τὸ
1186 719 1307 759 αἷσθά-

263 775 434 823 νεσθαι,ἢ
455 780 543 813 νοεῖν
559 776 723 829 ἐνεργείᾳ.
747 776 799 816 Τὸ
821 776 887 829 ἄρα
911 777 1197 827 αἷσθοίνεσθαι,ἢ
1218 785 1306 819 νοεῖν

263 834 431 887 ἐνεργείᾳ,
456 833 540 872 αὐτό
560 835 686 874 ἔστιτὸ
703 833 804 881 ζῆθᾱ
823 834 862 873 τὸ
877 835 910 873 δὲ
924 838 985 883 ζῆν
1002 838 1067 884 ἡδύ
1083 837 1121 876 τέ
1139 839 1212 876 ε’στι
1227 837 1305 877 καθ’

263 894 384 943 ἑαυτό,
409 893 469 932 καὶ
504 893 653 944 ἀγαθόν,
686 894 841 945 μάλιστα
873 895 957 945 μέν,
981 894 1033 933 ὅτι
1054 895 1246 947 ὡρισμένον
1273 895 1308 935 τί

261 955 335 991 ἐστι
354 953 393 991 τὸ
411 955 485 999 ζῆν.
509 953 561 992 Τὸ
579 953 615 991 δὲ
636 954 829 1005 ὡρισμένον
847 957 907 1000 τῆς
927 959 985 994 τοῦ
1007 956 1139 1006 ἀγαθοῦ
1161 954 1307 1008 φύσεως,

262 1012 420 1064 καθάπερ
443 1011 502 1050 καὶ
526 1011 773 1064 Πυθαγορείοις
793 1012 922 1051 ἐδόκει·
946 1014 1007 1052 καὶ
1027 1014 1095 1066 γὰρ
1108 1013 1251 1053 ἔταττον
1273 1014 1307 1052 ἐν

261 1074 305 1124 τῇ
332 1076 392 1110 τοῦ
421 1073 551 1123 ἀγαθοῦ
574 1071 758 1124 συστοιχίᾳ
779 1071 818 1110 τὸ
837 1071 1046 1124 ὡρισμένον.
1070 1070 1223 1112 Ἔπειτα
1246 1073 1307 1112 καὶ

262 1133 315 1169 ὅτι
348 1130 463 1170 πάντα
496 1133 557 1168 τοῦ
587 1132 647 1177 ζῆν
680 1130 833 1183 ἐφίεται·
860 1125 899 1169 οῧ
930 1131 967 1170 δὲ
998 1131 1115 1171 πάντα
1149 1132 1303 1185 ἐφίεται,

262 1189 390 1241 ἀγαθόν
412 1191 485 1228 ἐστι
504 1188 581 1227 καθ’
608 1189 713 1227 ἑαυτὸ
740 1188 801 1227 καὶ
828 1189 914 1237 ἡδύ·
944 1190 1036 1243 λέγω
1058 1189 1093 1228 δὲ
1123 1191 1239 1242 ζωήν,
1267 1191 1305 1228 οὐ

260 1248 324 1295 τὴν
346 1248 528 1301 μοχθηράν
545 1279 554 1295 ,
583 1248 643 1287 καὶ
665 1247 796 1299 μυρίων
819 1248 995 1301 γέμουσαν
1008 1252 1224 1302 συμφορῶν·
1246 1249 1306 1287 ἀό-

262 1322 371 1359 ριστοι
392 1306 460 1358 γὰρ
479 1308 514 1344 αἱ
543 1309 722 1354 τοιαῦται,
745 1305 903 1358 καθάπερ
932 1307 992 1345 καὶ
1011 1305 1055 1345 τὰ
1075 1309 1186 1359 ταύτῃ
1213 1307 1306 1358 σύμ-

262 1363 445 1402 ὅαίνοντα·
466 1364 674 1416 λεχθήσεται
703 1363 738 1401 δὲ
759 1362 838 1415 περὶ
856 1366 969 1402 αὐτῶν
991 1366 1025 1402 ἐν
1055 1358 1104 1408 οἷς
1123 1365 1203 1417 περὶ
1223 1366 1307 1412 ἡδο-

259 1426 320 1470 νῆς
340 1425 502 1474 ἐροῦμεν·
522 1423 596 1460 ἐπεὶ
614 1421 725 1460 τοίνυν
746 1422 861 1471 τὸμὲν
879 1425 939 1468 ζῆν
961 1422 1037 1461 καθ’
1058 1423 1160 1461 ἑαυτὸ
1178 1423 1306 1475 ἀγαθόν

260 1482 334 1519 ε’στι
352 1482 410 1519 καὶ
430 1481 519 1532 ἡδύ,
543 1482 661 1533 χαίρει
685 1480 720 1519 δέ
747 1497 798 1524 τις
819 1481 878 1519 καὶ
900 1481 1022 1529 ἥδεται
1038 1485 1126 1535 δρῶν
1141 1483 1176 1520 ἐν
1192 1485 1306 1537 ἑαυτῷ

261 1539 387 1589 ἀγαθόν
404 1556 436 1577 τι
457 1541 517 1579 καὶ
534 1541 600 1587 ἡδύ
616 1556 625 1564 ·
646 1539 817 1592 χαίρομεν
837 1540 905 1592 ἄρα
929 1541 989 1579 καὶ
1002 1541 1158 1592 ἡδόμεθα
1182 1544 1306 1581 αἰσθα-

259 1599 398 1647 νόμενοι
420 1598 471 1636 ὅτι
489 1601 617 1649 ζῶμεν.
654 1599 726 1637 Καὶ
752 1598 818 1651 γὰρ
840 1599 1076 1650 αἰσθάνομεθα
1095 1599 1149 1638 ὅτι
1170 1602 1303 1653 ζῶμεν,

260 1657 378 1710 ὥσπερ
398 1660 544 1710 ὁρῶντες
566 1657 799 1707 αἰσθανόμεθα
826 1658 879 1696 ὅτι
901 1661 1035 1711 ὁρῶμεν
1050 1689 1060 1707 ,
1084 1659 1143 1698 καὶ
1162 1660 1306 1700 ἀκούον-

260 1732 314 1759 τες
335 1717 386 1754 ὅτι
407 1716 597 1767 ἀκούομεν,
636 1716 695 1754 καὶ
716 1715 915 1767 βαδίζοντες
941 1719 992 1755 ὅτι
1020 1718 1226 1770 βαδίζομεν,
1246 1720 1306 1758 καὶ

259 1779 413 1819 νοοῦντες
446 1775 506 1814 καὶ
543 1774 786 1824 αἰσθανόμενοι
822 1775 1040 1827 γινώσκομεν
1075 1774 1128 1814 ὅτι
1162 1781 1305 1828 νοοῦμεν

259 1836 318 1873 καὶ
344 1833 592 1885 αἰσθανόμεθα.
616 1834 667 1873 Τὸ
690 1833 724 1871 δὲ
743 1836 831 1872 νοεῖν
857 1835 917 1874 καὶ
949 1835 1174 1874 αἰσθάνεσθαι
1205 1837 1306 1876 τοῦτό

259 1895 334 1932 ἐστι
356 1895 395 1931 τὸ
414 1887 502 1931 εἶναι
521 1895 590 1931 τῶν
612 1893 870 1943 αἰσθανομένων
904 1894 963 1932 καὶ
995 1894 1162 1933 νοούντων
1176 1908 1184 1916 ·
1205 1899 1295 1933 νοοῦ-

260 1969 321 2004 μεν
346 1953 412 2014 ἅρα
440 1952 492 1990 ὅτι
514 1953 642 2003 ἐσμέν,
667 1951 726 1990 καὶ
747 1951 834 1997 ὅλως
865 1954 940 1992 ἐστί
974 1969 1024 1998 τις
1045 1956 1078 1992 ἐν
1101 1957 1184 2005 ἡμῖν
1206 1954 1306 1993 δύνα-

261 2029 341 2064 μις,
362 2017 384 2064 ᾑ
405 2012 620 2064 γινώσκομεν
643 2013 696 2051 ὅτι
724 2015 929 2066 ἐνεργοῦμεν
952 2014 1011 2052 καὶ
1033 2016 1161 2063 ζῶμεν.
1198 2017 1242 2054 Εἰ
1271 2016 1306 2055 δὲ

260 2073 300 2110 τὸ
316 2074 376 2118 ζῆν
399 2071 546 2122 ἀγαθόν,
572 2073 611 2111 τὸ
631 2073 667 2110 δὲ
690 2071 883 2110 συνειδέναι
912 2072 989 2111 τινὰ
1015 2074 1129 2124 ἑαυτῷ
1148 2073 1303 2126 ἀγαθόν,

259 2130 324 2177 ἡδὺ
347 2132 422 2168 καθ’
453 2130 555 2170 ἑαυτό
573 2132 666 2179 ἐστι,
687 2131 726 2169 τὸ
757 2130 825 2183 ἄρα
849 2131 975 2170 εἰδέναι
997 2130 1049 2168 ὅτι
1083 2132 1217 2181 ζῶμεν,
1240 2132 1304 2179 ἡδύ

260 2191 365 2229 ἐστιν.
387 2189 491 2228 Ἐπεὶ
508 2189 619 2228 τοίνυν
639 2188 684 2228 τὰ
705 2189 805 2243 φύσει
827 2190 940 2242 ἀγαθὰ
956 2189 1015 2229 καὶ
1036 2191 1123 2236 ἡδέα
1141 2222 1151 2242 ,
1178 2192 1238 2229 καὶ
1256 2194 1307 2244 τῷ

261 2248 438 2301 σπουδαίῳ
457 2248 570 2299 ἀγαθοί
592 2251 657 2287 εἰσι
682 2250 742 2288 καὶ
758 2249 842 2296 ἡδέα
856 2281 870 2300 ,
898 2249 1091 2297 ἡσθήσεται
1113 2250 1175 2301 μὲν
1200 2251 1266 2294 ζῶν
1288 2252 1306 2288 ὃ

260 2308 444 2352 σπουδαῖος
459 2337 469 2355 ,
492 2308 552 2347 καὶ
573 2308 729 2359 μάλιστα
760 2311 829 2347 τῶν
849 2309 964 2347 ἄλλων
988 2303 1103 2358 οὗτος,
1127 2308 1207 2347 καθ’
1226 2310 1304 2347 ὅσον

261 2370 282 2413 ἡ
308 2369 409 2405 αὐτοῦ
426 2367 495 2413 ζωὴ
515 2368 723 2421 αἱρετωτέρα
752 2368 847 2419 ἐστί,
868 2368 928 2406 καὶ
948 2367 1078 2415 ἡδίων,
1107 2369 1167 2407 καὶ
1189 2384 1306 2418 μακα-

263 2426 332 2479 ρία.
356 2426 573 2473 ἹΙσθήσεται
606 2427 641 2466 δὲ
664 2426 845 2477 γινώσκων
864 2427 917 2466 ὅτι
946 2430 986 2479 ζῇ
1003 2444 1011 2452 ·
1032 2428 1070 2466 τὸ
1091 2427 1126 2466 δὲ
1147 2431 1207 2475 ζῆν
1235 2431 1308 2466 ἐστι

260 2486 299 2523 τὸ
320 2492 426 2524 νοεῖν·
453 2485 575 2532 ἥδεται
601 2486 669 2539 ἄρα
685 2489 703 2525 ὃ
724 2489 909 2531 σπουδαῖος
939 2487 1120 2538 γινώσκων
1142 2487 1195 2525 ὅτι
1216 2490 1301 2526 νοεῖ.

261 2543 368 2583 Οὕτω
388 2543 424 2581 δὲ
450 2544 533 2597 πρὸς
551 2545 609 2582 τὸν
631 2546 727 2597 φίλον
755 2548 800 2590 ὡς
820 2546 905 2598 πρὸς
941 2546 1061 2585 ἑαυτὸν
1082 2548 1100 2584 ὃ
1120 2548 1306 2591 σπουδαῖος

262 2602 354 2654 ἔχει,
387 2602 500 2655 ἕτερος
520 2603 586 2655 γὰρ
610 2605 710 2648 αὐτὸς
731 2607 748 2643 ὁ
782 2605 877 2657 φίλος
897 2606 989 2645 ἐστίν
1013 2621 1019 2628 ·
1057 2607 1179 2645 οὐκοῦν
1201 2622 1305 2659 φανε-

263 2662 319 2716 ρόν
335 2694 344 2709 ,
361 2662 412 2699 ὅτι
434 2662 591 2714 καθάπερ
608 2662 647 2701 τὸ
667 2663 769 2702 αὐτὸν
793 2658 880 2703 εἶναι
897 2665 956 2703 καὶ
978 2668 1038 2713 ζῆν
1059 2665 1193 2728 αἱρετόν
1214 2667 1306 2704 ἐστιν

263 2722 356 2772 αὐτῷ
377 2720 436 2759 καὶ
463 2720 550 2768 ἡδύ,
579 2721 670 2760 οὕτω
702 2723 820 2762 καὶτὸ
851 2728 911 2763 τοῦ
937 2724 1036 2777 φίλου
1073 2728 1159 2763 εἰναι
1189 2726 1303 2774 ζητεῖ,

261 2781 354 2818 τοῦτ’
373 2781 447 2817 ἔστι
462 2782 477 2800 ²
503 2780 543 2818 τὸ
562 2780 619 2818 τὸν
641 2781 738 2834 φίλον
765 2785 853 2821 νοεῖν
869 2798 877 2807 ·
901 2783 941 2821 τὸ
960 2783 1027 2836 γὰρ
1056 2778 1142 2822 εἶναι
1165 2785 1225 2822 καὶ
1246 2786 1305 2831 ζῆν

263 2839 303 2877 τὸ
319 2843 406 2877 νοεῖν
427 2840 520 2876 ἐστιν
533 2839 556 2878 f.
579 2838 719 2892 ε’.Ωσπερ
749 2842 783 2879 δὲ
805 2841 920 2895 χαίρει
941 2842 1122 2892 γινώσκων
1143 2841 1195 2880 ὅτι
1210 2847 1302 2892 νοεῖ,

263 2898 371 2941 οὕτως
387 2897 451 2944 ἡδύ
472 2899 564 2935 ἐστιν
595 2899 690 2951 αὐτῷ
718 2899 778 2938 καὶ
797 2902 933 2954 αἱρετὸν
951 2902 989 2939 τὸ
1015 2901 1198 2953 γινώσκειν
1216 2901 1268 2941 ὅτι
1288 2903 1306 2940 ὁ

264 2955 360 3009 φίλος
378 2956 472 2994 νοεῖ·
496 2956 533 2993 τὸ
558 2956 593 2994 δὲ
626 2956 808 3008 γινώσκειν
839 2959 895 2997 τὸν
914 2959 1011 3013 φίλον
1034 2959 1086 2998 ὅτι
1112 2961 1206 3005 νοεῖ,
1231 2960 1308 2999 τότε

264 3014 356 3053 ἐστὶν
375 3014 529 3067 ἐνεργείᾳ
545 3045 555 3064 ,
575 3014 656 3053 ὅταν
673 3017 761 3055 αὐτὰ
781 3017 935 3070 γινώσκῃ
951 3018 972 3056 ἃ
991 3022 1082 3066 νοεῖ,
1104 3022 1167 3072 οὐχ
1188 3018 1307 3062 ἅπλῶς

263 3072 315 3112 ὅτι
334 3074 542 3111 διανοεῖται·
561 3077 663 3112 τοῦτο
683 3074 718 3112 δὲ
736 3074 857 3126 γίνοιτ’
879 3076 919 3114 ἂν
940 3078 973 3114 ἐν
992 3080 1040 3129 τῷ
1061 3080 1120 3125 ζῆν
1145 3077 1221 3127 μετ’
1244 3079 1307 3115 ἅλ-

264 3133 402 3181 λήλων,
427 3131 485 3171 καὶ
503 3138 678 3170 κοινωνεῖν
693 3134 804 3184 λόγων
819 3133 879 3172 καὶ
901 3135 1051 3179 διανοίας
1072 3148 1081 3158 '
1100 3139 1218 3174 τοῦτον
1239 3135 1306 3188 γὰρ

265 3193 321 3231 τὸν
343 3192 470 3244 τρόπον
493 3193 598 3239 συζῆν
614 3194 645 3231 οἱ
667 3191 841 3245 ἅνθρωποι
865 3192 1038 3244 λέγονται·
1062 3196 1100 3232 οὐ
1122 3194 1188 3246 γὰρ
1212 3194 1251 3231 τὸ
1271 3195 1306 3232 ἐν

266 3255 315 3305 τῷ
335 3254 429 3305 αὐτῷ
460 3246 546 3291 εἶναι
571 3255 676 3299 συζῆν
708 3254 801 3301 ἐστι,
826 3253 984 3303 καθάπερ
1005 3253 1062 3291 ἐπὶ
1082 3256 1150 3291 τῶν
1174 3257 1304 3306 βοσκη-

1091 158 1371 202 ΑΝΒΒΟΝῙΟΙ
1401 158 1582 200 RHODII

1411 253 1476 288 Sed
1497 255 1530 287 et
1554 253 1602 286 sic
1628 252 1801 296 perspicua
1820 251 1884 286 erit
1909 262 1962 286 res
1987 253 2059 296 ejus
2080 254 2239 296 originem
2257 254 2365 298 magis
2382 255 2438 290 ἐι*
2456 274 2465 284 1

1369 315 1488 346 natura
1513 313 1748 355 repetentibus.
1769 314 1964 355 spectemus
1985 312 2107 356 quippe
2133 323 2205 347 eam
2226 323 2290 346 non
2306 323 2350 348 ex
2374 312 2419 350 iia

1370 381 1447 415 quae
1474 371 1571 405 beato
1597 371 1819 414 peculiariter,
1847 371 1905 404 sed
1929 380 2006 414 quae
2028 372 2180 406 omnibus
2199 373 2416 406 communiter

1371 432 1503 465 adsunt.
1525 433 1601 464 Jam
1628 440 1707 464 vero
1734 432 1862 464 constat
1890 430 1994 463 vitam
2028 431 2181 465 omnibus
2217 430 2415 467 animalibus

1369 491 1487 522 natura
1501 489 1682 532 jucundam
1698 498 1789 522 esse:
1809 489 1914 522 vitam
1930 492 2043 523 autem
2055 489 2091 524 in
2100 490 2208 524 brutis
2215 490 2412 533 animalibus

1369 549 1438 582 vim
1468 547 1642 586 sentiendi,
1678 548 1712 580 in
1736 548 1928 581 hominibus
1957 548 2027 581 vim
2047 551 2415 592 potestatemquesen'-

1370 608 1471 643 tiendi
1492 610 1550 641 aut
1584 607 1785 650 percipiendi
1824 607 1999 640 deliniunt.
2037 609 2080 640 At
2108 610 2256 651 potestas
2282 610 2415 652 propter

1369 670 1481 701 actum
1506 669 1572 706 est,
1593 666 1707 708 reique
1730 667 1829 708 caput
1856 666 1890 698 in
1906 668 1983 699 actu
2005 666 2178 700 consistit:
2202 666 2231 700 ai
2242 665 2319 710 ergo
2337 675 2415 701 sen-

1369 727 1431 759 tire
1453 728 1512 758 aut
1539 725 1721 767 intelligere
1747 711 1842 767 posse
1860 727 1910 758 est
1932 725 2061 764 vivere,
2086 725 2193 759 multo
2215 726 2321 770 magis
2335 729 2414 760 actu

1369 784 1490 818 sentire
1509 785 1568 816 aut
1599 783 1792 825 intelligere.
1825 784 2047 822 Quamobrem
2081 783 2203 818 sentire
2224 787 2284 818 aut
2313 771 2415 828 miet-

1365 843 1467 885 ligere
1487 843 1563 875 actu
1580 842 1643 874 hoc
1659 842 1767 884 ipsum
1788 844 1838 876 est
1857 843 1946 885 quod
1967 835 2078 876 vivere
2099 840 2284 877 vocamus}
2303 843 2415 878 vivere

1368 902 1481 933 autem
1495 898 1679 942 jucundum
1706 909 1764 942 per
1789 909 1824 933 se
1845 902 1894 933 est
1918 902 1952 933 et
1971 900 2104 940 bonum,
2123 901 2156 934 et
2174 900 2320 934 maxime
2337 900 2415 944 qui-

1368 958 1464 999 dem,
1482 957 1562 1000 quia
1587 958 1801 990 terminatum
1822 957 1951 1000 aliquid
1981 960 2031 991 est
2057 958 2180 992 vivere.
2208 957 2307 998 Quod
2334 967 2414 992 vero

1368 1013 1582 1048 terminatum
1598 1015 1658 1051 est,
1677 1013 1719 1046 ad
1741 1016 1895 1046 naturam
1909 1014 2013 1056 ipsius
2026 1014 2102 1047 boni
2115 1014 2269 1057 pertinet,
2288 1023 2412 1058 quem-

1368 1070 1547 1104 admodum
1581 1071 1614 1102 et
1652 1070 1864 1112 Pythagoreis
1896 1070 2072 1103 videbatur
2103 1081 2114 1103 t
2149 1070 2214 1114 qui,
2240 1068 2276 1104 in
2299 1079 2411 1109 βουσὶ,

1368 1135 1467 1169 quem
1482 1123 1683 1162 statuebant,
1703 1124 1863 1156 bonorum
1877 1124 2036 1163 ordinem,
2051 1124 2266 1159 terminatum
2279 1130 2414 1168 quoque

1367 1182 1569 1224 redigebant.
1588 1180 1680 1213 Adde
1699 1181 1788 1223 quod
1809 1181 1918 1214 omnia
1935 1182 2015 1214 vitae
2037 1181 2218 1225 cupiditate
2238 1181 2377 1224 flagrant
2400 1194 2411 1217 ι
2428 1211 2434 1214 ,

1312 1249 1316 1255 ·
1370 1239 1460 1283 quod
1488 1240 1600 1270 autem
1615 1247 1729 1271 omnes
1749 1240 1928 1281 appetunt,
1960 1239 2082 1278 bonum
2099 1241 2149 1272 est
2166 1247 2225 1282 per
2249 1246 2285 1272 se
2308 1239 2343 1272 et
2353 1238 2413 1282 ju·-

1369 1294 1513 1328 cundum
1534 1304 1541 1324 2
1577 1291 1679 1324 vitam
1703 1302 1781 1325 vero
1807 1293 1900 1331 dico,
1933 1303 1997 1326 non
2019 1293 2172 1327 vitiosam
2193 1294 2228 1326 et
2251 1292 2415 1337 sexcentis

1369 1350 1613 1386 calamitatibus
1636 1349 1814 1383 refertam:
1835 1350 2089 1384 innumerabiles
2111 1350 2197 1383 enim
2219 1351 2298 1384 sunt
2315 1347 2409 1388 tales,

1367 1407 1647 1452 quemadmodum
1670 1410 1703 1440 et
1723 1417 1760 1440 ea
1782 1417 1858 1450 quae
1883 1408 1914 1439 in
1938 1408 2028 1440 illam
2056 1406 2219 1441 invadunt
2235 1407 2349 1445 mala:
2371 1407 2413 1441 de

1367 1466 1490 1510 quibus
1507 1466 1542 1498 in
1562 1474 1712 1498 sermone
1739 1464 1781 1498 de
1806 1465 2033 1507 voluptatibus
2051 1464 2204 1515 babendo
2230 1464 2412 1508 disputabi÷

1367 1533 1443 1557 mus
1470 1535 1477 1555 z
2331 1568 2335 1571 Ὗ

1367 1583 1457 1621 dum,
1492 1590 1598 1624 neque
1625 1581 1804 1623 quisquam
1840 1581 1893 1619 sit,
1918 1581 1978 1623 qui
2008 1590 2073 1613 non
2095 1590 2134 1614 eo
2169 1579 2260 1624 quod
2286 1580 2410 1614 bonum

1368 1647 1402 1677 et
1431 1641 1615 1685 jucundum
1646 1643 1706 1679 est,
1742 1641 1767 1673 si
1802 1641 1837 1673 in
1865 1650 1899 1673 se
1933 1641 2004 1683 ipso
2036 1641 2163 1680 videat,
2193 1641 2409 1687 delecteturg

1367 1696 1512 1742 profecto
1543 1697 1607 1729 hoc
1632 1697 1713 1738 ipso,
1742 1696 1829 1740 quod
1863 1696 2024 1729 sentimus
2048 1705 2108 1729 nos
2138 1696 2262 1737 vivere,
2285 1696 2415 1746 gaude-¹

1368 1761 1443 1785 mus
1466 1753 1500 1784 et
1518 1751 1681 1783 laetamur.
1702 1750 1834 1783 Etenim
1861 1751 2023 1783 sentimus
2047 1759 2107 1784 nos
2135 1751 2259 1792 vivere,
2286 1753 2325 1784 ut
2352 1751 2407 1784 vi·-

1367 1809 1482 1842 dentes
1505 1807 1664 1839 sentimus
1676 1816 1735 1839 nos
1752 1806 1876 1845 videre,
1896 1809 1929 1839 ct
1954 1806 2127 1840 audientes
2142 1816 2203 1840 nos
2223 1804 2352 1847 audire,
2369 1809 2406 1840 et

1369 1865 1578 1898 ambulantes
1613 1873 1672 1896 nos
1699 1863 1886 1901 ambulare,
1921 1863 2001 1896 item
2030 1862 2252 1906 intelligentes
2278 1865 2314 1897 et
2335 1871 2412 1897 sen-

1367 1922 1486 1955 tientes
1503 1920 1739 1962 cognoscimus,
1761 1929 1819 1952 nos
1838 1919 2019 1962 intelligere
2043 1922 2077 1953 et
2093 1920 2226 1955 sentire.
2243 1922 2318 1954 Jam
2330 1928 2412 1955 vero

1367 1979 1401 2012 in
1428 1976 1642 2018 intelligentia
1669 1985 1707 2008 ac
1729 1985 1826 2008 sensu
1859 1976 2070 2009 sentientium
2095 1979 2128 2010 et
2159 1976 2412 2020 intelligentium

1367 2037 1437 2071 vita
1455 2035 1561 2078 posita
1580 2036 1630 2067 est
1647 2045 1654 2066 ι
1670 2034 1889 2082 *intelligimus
1914 2033 1990 2076 ergo
2015 2043 2075 2068 nos
2091 2043 2173 2075 esse,
2205 2043 2246 2068 ac
2261 2025 2340 2070 sane
2357 2036 2413 2069 fa·-

1369 2094 1476 2128 cultas
1495 2092 1605 2134 aliqua
1629 2092 1663 2124 in
1681 2092 1775 2124 nobis
1799 2094 1859 2130 est,
1875 2101 1942 2134 qua
1967 2101 2027 2125 nos
2050 2091 2176 2135 aliquid
2193 2101 2290 2134 agere
2305 2094 2340 2126 et
2359 2092 2413 2126 vi-

1370 2158 1446 2183 vere
1471 2147 1705 2189 cognoscimus.
1736 2147 1862 2185 Quodsi
1893 2148 2004 2180 vivere
2030 2150 2080 2180 est
2108 2148 2242 2188 bonum,
2273 2149 2318 2181 'et'
2334 2147 2413 2181 honi

1370 2203 1509 2245 alicujus
1530 2202 1592 2235 sibi
1625 2210 1696 2234 esse
1723 2201 1906 2240 conscium,
1926 2201 2111 2243 jucundum
2141 2208 2205 2245 per
2229 2211 2266 2236 se
2287 2203 2349 2242 est,
2369 2202 2404 2236 id

1370 2261 1479 2304 ipsum
1498 2259 1587 2302 quod
1607 2258 1729 2291 scimus
1759 2267 1819 2290 nos
1850 2258 1971 2298 vivere,
1995 2259 2179 2300 jucundum
2202 2258 2278 2292 erit.
2297 2260 2411 2297 Quum

1371 2315 1471 2356 igitur
1499 2322 1537 2345 ea
1576 2321 1651 2354 quac
1684 2313 1802 2344 natura
1826 2311 1911 2345 bona
1946 2314 2023 2344 sunt
2069 2314 2104 2345 et
2138 2312 2304 2355 jucunda,
2340 2312 2414 2346 viro

1370 2370 1456 2402 bono
1489 2367 1588 2400 etiam
1626 2366 1711 2400 bona
1754 2369 1786 2399 et
1818 2367 1967 2409 ,iucunda
2009 2367 2095 2406 sint,
2134 2367 2303 2401 laetabitur
2341 2367 2412 2401 vita

1373 2439 1432 2461 sua
1458 2428 1510 2461 vir
1535 2428 1640 2460 bonus
1671 2426 1831 2467 tantoque
1865 2423 1970 2465 magis
2001 2432 2102 2466 quam
2124 2422 2254 2466 reliqui,
2284 2425 2411 2466 quanto

1370 2483 1480 2525 ipsius
1498 2482 1566 2514 vita
1594 2478 1766 2521 optabilior
1783 2480 1833 2510 est
1849 2479 1883 2510 et
1899 2477 2075 2520 jucundior
2091 2478 2125 2509 et
2143 2475 2280 2510 felicior.
2303 2478 2413 2511 Laeta-

1371 2537 1461 2569 bitur
1489 2538 1618 2574 autem,
1645 2534 1736 2576 quod
1775 2531 1938 2573 cognoscit
1962 2540 1998 2564 se
2023 2531 2133 2563 vivere
2157 2543 2165 2562 ι
2192 2530 2306 2564 vivere
2333 2539 2412 2564 vero

1372 2594 1422 2625 est
1451 2591 1632 2632 intelligere
1659 2602 1665 2621 :
1691 2597 1793 2631 quare
1811 2587 1944 2619 laetatur
1972 2586 2024 2619 vir
2053 2586 2159 2619 bonus
2184 2585 2218 2618 in
2239 2585 2303 2619 hoc
2321 2586 2412 2629 quod

1373 2657 1408 2680 se
1449 2647 1629 2688 intelligere
1680 2640 1923 2676 animadvertit.
1981 2640 2146 2673 Caeterum
2185 2638 2220 2671 in
2269 2639 2412 2672 amicum

1373 2702 1421 2735 ita
1444 2703 1608 2735 animatus
1639 2701 1689 2732 est
1715 2697 1900 2735 virbonus,
1922 2696 1960 2727 ut
1981 2694 2015 2726 in
2043 2703 2078 2727 se
2098 2693 2217 2736 ipsum,
2249 2693 2412 2735 siquidem

1372 2758 1497 2792 amicus
1519 2759 1602 2791 alter
1622 2756 1710 2789 idem
1734 2756 1783 2788 est
1812 2767 1820 2787 z
1842 2753 1976 2794 apparet
2002 2750 2113 2792 igitur,
2133 2746 2413 2791 quemadmodum

1372 2827 1406 2850 se
1425 2826 1496 2849 esse
1514 2819 1546 2849 et
1571 2816 1683 2848 vivere
1704 2811 1847 2855 optabile
1871 2809 1901 2842 ei
1918 2810 1968 2841 est
1984 2809 2017 2840 et
2033 2805 2233 2853 iucundum,
2252 2802 2301 2835 sie
2311 2801 2412 2835 etiam

1371 2874 1485 2914 optare
1502 2881 1588 2909 eum,
1610 2872 1647 2902 ut
1673 2868 1798 2901 amicus
1817 2865 1871 2905 sit,
1893 2863 1928 2895 id
1946 2864 2012 2900 est,
2034 2859 2195 2906 intelligat
2213 2869 2226 2890 -z
2254 2857 2411 2890 nimirum

1372 2938 1443 2961 esse
1458 2930 1491 2961 et
1512 2928 1624 2960 vivere
1643 2918 1699 2960 est*
1711 2923 1901 2964 intelligere.
1926 2920 2019 2953 Sicut
2044 2919 2156 2950 autem
2179 2913 2300 2957 gaudet
2322 2915 2412 2957 quod

1356 2981 1613 3019 animadvertit,
1642 2990 1676 3013 se
1701 2977 1890 3017 intelligere,
1920 2973 1966 3006 ita
1987 2970 2171 3014 jucundum
2199 2968 2230 3001 ei
2257 2973 2309 3004 est
2327 2967 2411 3002 illud

1370 3040 1403 3070 et
1420 3037 1579 3080 optabile,
1596 3036 1685 3079 quod
1713 3034 1856 3068 amicum
1875 3029 2056 3070 intelligere
2073 3025 2306 3060 animadvertit
2321 3040 2331 3059 ι
2347 3025 2412 3058 hoc

1370 3094 1491 3129 autem,
1514 3094 1552 3124 ut
1566 3091 1709 3124 amicum
1728 3087 1908 3128 intelligere
1937 3082 2189 3121 animadvertat,
2204 3083 2275 3114 tum
2296 3088 2411 3114 revera

1370 3145 1399 3178 ei
1437 3145 1611 3187 contingit,
1652 3153 1756 3186 quum
1779 3151 1817 3174 ea
1857 3139 1928 3181 ipsa
1962 3135 2100 3179 percipit
2135 3144 2211 3177 quae
2239 3134 2409 3176 intelligit,

1369 3210 1434 3232 non
1458 3210 1561 3243 quum
1579 3199 1771 3242 simpliciter
1791 3192 1915 3236 aliquid
1937 3200 2012 3226 eum
2033 3191 2176 3232 cogitare
2203 3189 2414 3222 animadver-

1371 3253 1414 3285 tit
1439 3265 1446 3286 :
1484 3254 1547 3285 hoe
1575 3255 1687 3286 autem
1712 3252 1746 3284 in
1774 3246 1943 3281 hominum
1979 3245 2064 3276 inter
2105 3252 2140 3276 se
2170 3241 2334 3275 consortio
2358 3241 2408 3281 fit,

310 3388 326 3404 *
344 3389 577 3432 Φυσικώτερον
604 3389 638 3421 δὲ
656 3389 889 3421 ἐπισκοποῦσιν
907 3388 976 3421 κτλ.

1508 1532 1613 1565 quum
1633 1532 1709 1564 ergo
1725 1521 1837 1555 vivere
1862 1532 1920 1564 per
1952 1531 1987 1555 se
2011 1522 2133 1555 bonum
2154 1522 2197 1556 sit
2230 1522 2270 1557 et,
2286 1521 2422 1571 jucun-·
