2508 3776
40 166 74 246 ἶρ,
113 204 170 250 4.
589 194 890 237 ETfflcoRUM
920 195 1365 238 NICOMAGHEORUM
1394 196 1776 238 PARAPHRASIS.

54 266 70 290 ἶ
115 280 332 327 mlh-w
346 283 455 331 αὐτῆς
467 283 507 322 τὸ
526 283 641 338 ἔργον,
662 284 701 324 τὸ
719 285 919 326 ἐπιτάττειν
942 287 965 326 ἃ
981 287 1032 326 δεῖ
1050 285 1165 341 πράτ-

47 351 71 391 χ’
115 336 223 384 ΩΨ
215 342 266 383 ’τὸ
290 341 329 383 δὲ
356 342 487 398 κρίνειν
507 343 553 382 τὰ
580 345 818 399 ἐπιταχθέντα
838 345 938 400 παρὰ
955 363 1017 395 της
1042 345 1169 401 φρονή-

43 404 47 405 ’
83 415 225 458 Μ,
245 401 368 443 καὶτὸ
401 403 529 442 εἰδέναι
559 402 615 444 ὅτι
648 407 766 450 καλῶς
798 404 875 459 ἔχει
903 405 964 446 καὶ
993 405 1085 446 οὕτω
1117 407 1168 446 δεῖ

2 464 4 468 “
92 455 306 523 mm,
321 463 423 503 τοῦτό
442 464 535 503 ἐστιν
556 467 579 513 ἡ
598 465 749 509 σύνεσις.

1 550 4 555 -
84 519 258 564 “fflffl
272 522 341 576 γὰρ
355 523 511 578 διαφέρει
525 526 543 562 ὁ
563 525 741 569 εὖσύνετος
758 528 817 564 τοῦ
828 539 983 574 συνετου,
995 525 1087 565 ἀλλὰ
1106 525 1168 566 καὶ

2 594 6 638 f
275 599 292 630 ς
309 583 397 623 αὐτὸ
415 599 520 624 τουτο
540 583 719 637 βούλεται,
737 583 777 622 τὸ
794 577 832 622 ευ
853 584 914 622 καὶ
935 586 1053 630 καλως
1079 600 1167 624 συν·
1187 614 1190 618 -

84 652 99 675 ῖ
110 640 205 685 stuta
233 642 295 684 καὶ
318 642 449 699 κρίνειν
481 642 526 683 τὰ
554 643 654 696 παρὰ
683 646 743 682 του
778 643 948 698 φρονίμου
980 645 1167 685 ἐπιταττό-

4 695 9 709 ,-
69 743 79 754 ,Ἴ
113 713 216 754 vm

67 799 71 811 2
141 760 205 789 A!
223 761 296 802 Kal
314 761 441 804 ταῦτόν
465 762 542 802 ἔστι
560 762 696 806 σύνεσις
708 760 769 801 καὶ
790 762 985 812 εὓσυνεσία,
999 762 1075 812 ἥτις
1089 765 1165 805 οὔτε

47 823 78 859 -:'·'
111 819 280 875 φρόνησίς
297 822 406 871 ἐστιν,
423 819 502 861 οὔτε
514 821 556 861 τὸ
568 819 662 875 ἔχειν
687 819 866 874 φρόνησιν.
882 820 976 862 Οὔτε
998 821 1035 862 δὲ
1058 823 1093 863 τὸ
1109 824 1146 863 δέ

47 895 75 934 ᾗ,
109 881 315 935 χῆθιικαὶ
333 879 530 933 λαμὸἄνειν
553 880 721 934 φρόνησιν
741 879 879 925 σύνεσίς
908 883 1016 921 ἐστιν·
1041 882 1080 921 τὸ
1099 848 1167 936 γὰρ

46 955 47 958 ’
73 963 87 986 2
103 939 307 992 λίμδᾶνιιν
324 940 494 997 φρόνησίν
523 943 626 981 ἔστια
651 939 692 980 τὸ
715 940 903 992 μανθάνειν
936 939 1028 995 ἅπερ
1049 943 1067 980 ὁ
1086 941 1168 1016 φρό-

61 991 91 1032 ‘³-
96 1006 210 1053 νῇκ
240 999 422 1053 γινώσκει·
445 1003 470 1049 ἡ
492 999 529 1040 δὲ
561 999 699 1045 σύνεσίς
724 1001 799 1039 ἐστι
834 999 875 1039 τὸ
908 1000 1035 1054 κρίνειν
1065 1000 1167 1040 αὐτά·

66 1072 70 1082 ²
86 1057 264 1170 mlv«
273 1060 402 1102 ταῦτὸν
419 1059 556 1107 σύνεσις
570 1062 623 1114 τῷ
641 1059 810 1114 φρόνησιν
827 1060 1023 1114 λαμὸἄνειν
1045 1060 1068 1110 ἢ
1090 1060 1169 1116 φρό-

58 1123 73 1159 ¹:
225 1118 334 1174 ἔχειν.

164 1176 220 1198 m
229 1178 323 1220 Ἀλλ’
333 1177 454 1234 &timp
465 1181 484 1219 ὁ
494 1194 568 1233 παρ
570 1178 701 1219 ’ἄλλου
714 1178 804 1225 τινὸς
815 1179 1016 1231 επιστήμην
1033 1180 1168 1222 ἀκούων

38 1240 78 1291 ι’·’ὴϊ
108 1238 172 1279 καὶ
190 1238 373 1292 γινώσκων
400 1241 520 1286 καλῶς
553 1239 703 1287 ξυνιέναι
739 1240 903 1293 λέγεται,
935 1257 1045 1286 ουτως
1081 1243 1100 1280 ὁ
1120 1240 1187 1280 ϊιὶι4

47 1299 77 1352 {ss
107 1297 209 1352 παρὰ
227 1302 290 1339 τοῦ
307 1299 480 1354 φρονίμου
508 1298 768 1352 ἐπιταττόμενα
799 1299 977 1353 γινώσκων
999 1301 1060 1340 καὶ
1082 1300 1159 1352 κρί-

55 1356 66 1397 J
107 1371 178 1398 νων
195 1358 305 1412 ὀρθῶς
325 1358 478 1399 συνιέναι
498 1373 537 1398 τε
555 1357 597 1398 λέ
580 1374 727 1412 εγεται,
747 1358 809 1398 καὶ
834 1359 974 1404 συνετὸς
996 1359 1168 1432 ὀνομάζε-

59 1432 62 1433 ’
108 1430 192 1469 ται,
210 1416 273 1456 καὶ
287 1415 468 1462 σῦσυνετος
488 1415 547 1456 διὰ
566 1416 608 1457 τὸ
626 1418 743 1462 καλῶς
760 1417 958 1469 γινώσκειν·
981 1416 1022 1456 τὸ
1041 1416 1109 1470 γὰρ
1129 1410 1168 1455 ευ

46 1483 47 1487 ’
108 1474 227 1516 καὶτὸ
244 1476 363 1522 καλως
374 1475 517 1516 ταύτόν·
543 1475 604 1516 καὶ
626 1477 696 1517 ἀπὸ
722 1476 854 1524 ταύτης
870 1479 931 1524 τῆς
946 1476 1061 1521 αἰτίας
1082 1475 1167 1524 ἐλή-

42 1528 61 1566 s
110 1538 180 1589 φθη
194 1536 236 1576 τὸ
255 1535 385 1588 ὄνομα,
398 1535 454 1576 ὅτι
467 1536 508 1576 τὸ
529 1535 638 1576 ἄλλου
658 1536 818 1589 λέγοντος
839 1535 945 1576 ἄλλον
963 1536 1040 1575 τινὰ
1061 1535 1166 1577 ἀκού-

108 1609 194 1636 οντα
208 1595 395 1649 γινώσκειν
424 1596 565 1647 καλῶς,
588 1595 779 1648 μανθάνειν
799 1596 860 1635 καὶ
891 1595 1047 1636 συνιέναι
1068 1595 1166 1648 λέγε-

159 1715 367 1771 (Scripsi:
382 1728 398 1747 ⁸
424 1714 552 1756 ταύτόν
582 1716 702 1768 ἐστιν]
735 1715 859 1799 vulgoc
892 1715 1020 1755 ταύτὸν
1054 1714 1163 1755 ἐστὶν.

106 1773 197 1808 —¹’
215 1767 266 1815 ὧν
283 1775 411 1827 ἕσμεν]
430 1777 552 1827 vulgo
564 1767 614 1814 ὧν
628 1775 752 1827 ἐσμὲν.
773 1797 823 1804 -
845 1774 1044 1829 οφρόνησίν
1064 1775 1165 1827 ἐστι]

107 1835 237 1887 vulgo
248 1833 439 1890 φρόνησιν,
453 1834 546 1876 ἐστὶ.
568 1834 646 1888 -)

166 1928 168 1934 '
266 1924 268 1926 '
541 1955 633 2007 Κεφ.
668 1952 732 2006 ιβ’.

522 2037 603 2079 Περὶ
619 2037 763 2079 γνώμης.

162 2130 234 2157 mm
247 2130 396 2180 Ῥητέον
410 2129 455 2179 δὴ
470 2130 553 2186 περὶ
568 2132 631 2179 τ’ἤς
641 2129 800 2184 γνώμης.
823 2127 932 2171 Ἔστι
945 2129 981 2169 δὲ
998 2128 1058 2169 καὶ
1076 2128 1165 2179 αὕτη

106 2191 197 2246 περὶ
208 2191 255 2231 τὰ
273 2189 485 2245 ἕνδεχόμενα
501 2221 512 2241 ,
538 2190 702 2245 καθάπερ
722 2190 783 2230 καὶ
803 2192 827 2239 ἡ
848 2189 1035 2244 φρόνησις,
1062 2191 1122 2230 καὶ
1144 2193 1167 2238 ἡ

68 2276 69 2279 =
106 2249 302 2304 σῦὅουλία,
332 2250 396 2290 καὶ
421 2253 445 2300 ἡ
461 2249 617 2297 σύνεσις.
644 2250 715 2292 Διὰ
741 2253 845 2291 τοῦτο
865 2249 1030 2303 καὶπερὶ
1060 2251 1168 2298 αὐτῆς

11 2313 72 2387 „4
107 2309 282 2364 um,

161 2366 272 2412 ’Ἐστι
305 2368 421 2410 τοίνυν
450 2368 603 2423 γνώμη,
632 2369 710 2410 καθ’
741 2368 786 2417 ἣν
815 2369 1038 2423 εὗγνώμονας
1068 2369 1167 2423 λέγο-

52 2474 56 2478 ‚
81 2472 83 2474 ,
107 2445 191 2484 μιν,
208 2429 271 2471 καὶ
287 2429 382 2484 ἔχειν
402 2429 572 2483 γνώμην,
593 2433 616 2479 ἡ
637 2429 721 2484 ὀρθὴ
751 2429 865 2484 κρίσις
887 2434 948 2470 τοῦ
974 2432 1161 2476 ἐπιεικοῦς.

52 2498 83 2538 ᾗ.
104 2489 230 2536 fleu
249 2491 344 2531 lew
374 2493 395 2532 ὁ
419 2490 580 2539 ἐπιεικὴς
599 2490 660 2531 καὶ
685 2493 709 2539 ἡ
734 2489 932 2540 ἐπιείκεια,
970 2489 1108 2545 εἴρηται
1128 2492 1163 2531 ἐν

105 2552 179 2595 τοῖς
196 2550 380 2605 πρότερον.

62 2607 77 2620 ’”
160 2609 253 2630 *****
269 2608 359 2654 Ὅτι
377 2610 414 2651 δὲ
430 2609 534 2656 τοῦτό
551 2612 645 2651 ἐστιν
666 2614 688 2660 ἡ
705 2610 832 2665 γνώμη
847 2640 859 2662 ,
879 2611 995 2659 δῆλον·
1014 2611 1075 2651 τὸν
1097 2610 1166 2666 γὰρ

15 2715 18 2718 ,
48 2675 72 2715 J
107 2671 244 2722 &mutati
262 2669 422 2723 μάλιστα
431 2686 547 2726 φαμεν
559 2663 649 2710 εἶναι
669 2669 966 2724 συγγνωμονικόν·
981 2670 1042 2710 καὶ
1062 2674 1165 2711 ἐπιει·

106 2729 186 2782 τοίς,
204 2729 245 2770 τὸ
263 2729 300 2771 ἔν
315 2745 407 2771 τισιν
426 2730 520 2784 ἔχειν
541 2730 767 2784 συγγνώμην.

63 2803 65 2805 ·
159 2785 268 2808 ******
279 2786 332 2830 Ἦ
346 2787 383 2829 δὲ
394 2788 586 2842 συγγνώμη
601 2789 726 2842 γνώμη
742 2788 835 2827 ἐστὶν
851 2788 936 2842 ὀρθὴ
952 2786 1093 2842 κριτικὴ
1104 2804 1165 2828 του

58 2849 290 2895 ἔκιιικοῦς·
314 2848 429 2903 κρίσις
446 2848 516 2903 γὰρ
535 2848 621 2902 ὀρθὴ
646 2848 707 2888 καὶ
726 2846 852 2903 γνώμη
881 2847 1038 2896 ἐπιεικής
1066 2849 1165 2888 ἐστιν

105 2910 133 2959 ἡ
148 2907 409 3022 Ἓῖᾉνέμόρθὴ
419 2967 456 3008 δὲ
469 2969 612 3020 λέγεται
626 2967 739 3022 κρίσις
756 2970 778 3015 ἠ
797 2983 859 3007 του
876 2967 1041 3016 ἀληθους·
1046 2967 1076 3006 εἰ
1093 2966 1166 3006 τοί-

57 3022 83 3068 ᾗ
105 3031 187 3071 νυν
185 3030 222 3077 ἡ
242 3027 307 3080 μὲν
338 3028 531 3082 συγγνώμη
560 3028 673 3083 κρίσις
703 3028 780 3068 ἐστὶ
809 3043 870 3067 του
907 3029 1082 3071 ἔπιεικους
1102 3027 1163 3067 καὶ

59 3118 63 3122 «
105 3088 233 3143 γνώμη
251 3088 359 3143 ὀρθή,
390 3088 485 3128 κατὰ
505 3088 540 3128 δὲ
561 3086 624 3137 τὴν
650 3087 754 3141 ὀρθὴν
781 3086 927 3141 γνώμην
952 3085 1167 3139 εὖγνώμονές

106 3162 197 3194 τινες
213 3147 387 3203 λέγονται,
406 3151 429 3196 ἡ
454 3149 581 3202 γνωμη
602 3149 686 3203 ἄρα,
705 3149 782 3188 καθ’
808 3148 852 3196 ἣν
873 3146 1088 3199 εὐγνώμονες
1110 3146 1165 3186 λέ·

107 3222 249 3261 γσνται,
266 3213 328 3250 τοῦ
350 3209 523 3254 ἕπιεικους
543 3210 618 3248 ἐστι
641 3208 768 3262 κρίσις.

161 3265 304 3287 ********
317 3269 441 3308 Πᾶσαι
452 3261 567 3319 μὲντ
527 3284 586 3308 ουν
600 3269 636 3308 αῖ
646 3268 730 3314 ἕξεις
744 3268 781 3307 αἱ
793 3265 1018 3316 ἀληθευτικαὶ
1026 3265 1112 3320 πρὸς
1122 3264 1162 3306 τὸ

52 3471 54 3475 y
149 3425 168 3445 *
183 3425 293 3461 Ταῦτὸ
305 3426 367 3471 γὰρ
383 3427 506 3467 ξύνεσις
518 3428 575 3462 καὶ
594 3428 761 3467 εὐξυνεσία
776 3429 846 3461 κτλ.
862 3445 904 3451 —-

6 3479 9 3481 ”
66 3479 73 3490 “
107 3488 152 3500 ·-
166 3473 240 3492 ****
260 3474 338 3517 Cap.
358 3478 392 3508 1¹
418 3474 460 3508 ‘H
470 3476 506 3508 δὲ
519 3476 703 3518 καλουμένη
717 3477 832 3518 γνώμη
850 3477 977 3508 κτλ-

10 3522 13 3527 ”
53 3541 57 3574 5
107 3521 148 3561 θὴ
162 3521 199 3556 ak
217 3523 288 3556 κτλ.
312 3540 354 3546 -
369 3522 522 3541 ***'*‘**
544 3523 619 3556 Εἰσὶ
637 3523 673 3555 δὲ
689 3525 794 3556 πᾶσαι
813 3523 847 3555 αἱ
864 3523 941 3561 ἔξεις
954 3524 1023 3556 κτλ.

237 3583 361 3609 Pan-os.
387 3585 493 3610 cnm.
517 3585 564 3611 m.

2200 204 2283 243 449

1230 301 1307 325 mus
1327 303 1333 325 :
1361 294 1478 335 estque
1506 292 1569 326 hoc
1589 293 1661 335 eJus
1677 293 1842 331 officium,
1875 293 2039 336 imperare
2064 304 2142 338 quae
2161 298 2286 339 agenda

1231 351 1297 385 sint
1317 365 1325 386 ε
1334 351 1486 394 iudicare
1501 362 1581 386 vero
1600 362 1639 386 ea
1655 361 1733 395 quae
1751 353 1902 396 praecipit
1924 353 2120 396 prudentia,
2138 357 2286 402 itemque

1230 411 1314 445 scire
1345 414 1435 446 recte
1462 413 1536 446 haec
1564 421 1600 446 se
1617 412 1741 446 habere
1757 415 1859 457 atque
1877 414 1926 447 ita
1950 416 2114 458 agendum
2133 427 2225 458 esse,
2250 419 2283 452 id

1231 480 1309 505 vero
1325 470 1542 515 intelligentia
1559 475 1620 506 est.

1272 538 1386 580 Neque
1417 537 1504 571 enim
1526 537 1568 571 ab
1595 538 1798 583 intelligente
1827 541 1943 576 differt
1969 542 2053 577 hene
2080 544 2284 587 intelligens,

1231 613 1290 648 sed
1318 614 1505 658 intelligens
1535 616 1571 649 id
1593 617 1702 661 ipsum
1733 618 1864 659 studet,
1891 622 1929 654 ut
1949 620 2033 655 bene
2066 624 2222 665 recteque
2249 631 2288 656 ea

1230 702 1307 736 quae
1326 694 1473 736 prudens
1493 696 1643 739 praecipit
1658 697 1821 741 intelligat
1847 707 1886 732 ac
1905 698 2076 742 dijudicet.

1274 771 1362 810 Quin
1377 772 1479 806 etiam
1503 773 1591 807 idem
1614 777 1666 808 est
1690 775 1907 819 intelligentia
1932 780 1966 811 et
1989 778 2074 811 bona
2100 779 2287 821 intelligen-

1232 832 1294 871 tia,
1315 842 1392 876 quae
1424 844 1532 877 neque
1549 835 1637 869 idem
1661 837 1754 879 quod
1773 837 1951 879 prudentia
1974 841 2043 878 est,
2066 848 2176 882 neque
2198 840 2290 883 quod

1231 892 1443 934 prudentiam
1471 894 1603 928 habere.
1639 897 1754 939 Neque
1785 906 1865 930 vero
1898 897 2047 941 accipere
2077 901 2111 932 et
2133 900 2291 943 consequi

1231 950 1461 992 prudentiam,
1489 953 1706 996 intelligentia
1721 957 1772 988 est
1788 966 1795 989 ε
1816 965 1894 989 nam
1909 956 2058 1000 accipere
2078 958 2290 1000 prudentiam

1231 1011 1282 1043 est
1303 1010 1431 1045 discere
1453 1021 1530 1055 quae
1556 1013 1705 1056 prudens
1722 1015 1815 1048 novit
1836 1027 1845 1048 ι
1867 1016 2087 1059 intelligentia
2106 1020 2219 1052 autem
2239 1019 2290 1052 est

1232 1078 1270 1103 ea
1292 1069 1444 1112 iudicare
1462 1084 1470 1104 ε
1497 1080 1575 1115 ergo
1599 1072 1818 1116 intelligentia
1840 1083 1907 1107 non
1925 1076 1977 1108 est
1995 1074 2083 1109 idem
2102 1075 2194 1119 quod
2208 1086 2291 1120 pru-

1231 1130 1378 1165 dentiam
1395 1133 1543 1176 accipere
1560 1136 1618 1167 aut
1630 1135 1764 1170 habere.

1273 1191 1339 1226 sed
1357 1193 1640 1235 quemadmodum
1657 1194 1717 1238 qui
1737 1195 1779 1228 ab
1797 1195 1862 1229 alio
1875 1196 1988 1239 aliquo
2008 1197 2180 1230 scientiam
2197 1196 2291 1231 audit

1230 1253 1387 1295 recteque
1402 1254 1568 1295 cognoscit
1597 1254 1782 1297 intelligere
1806 1254 1951 1297 dicitur;
1982 1256 2030 1289 sic
2047 1256 2106 1299 qui
2129 1266 2168 1290 ea
2181 1266 2258 1300 quae
2272 1267 2291 1290 a

1230 1311 1394 1354 prudente
1410 1313 1650 1356 praecipiuntur
1674 1315 1828 1358 cognovit
1854 1317 2012 1358 recteque
2027 1315 2170 1358 iudicat,
2192 1317 2291 1351 intel-

1231 1372 1331 1415 ligere
1346 1374 1549 1416 perhibetur,
1570 1375 1728 1419 idemque
1741 1376 1930 1420 intelligens
1944 1379 1978 1410 et
1991 1377 2074 1411 bene
2091 1376 2288 1421 intelligens,

1234 1433 1314 1476 quia
1335 1434 1419 1468 bene
1441 1444 1480 1468 ea
1495 1435 1608 1475 novit,
1629 1438 1771 1470 vocatur
1794 1438 1900 1471 :bene
1925 1437 2013 1471 enim
2036 1440 2070 1471 et
2090 1440 2180 1472 recte
2203 1438 2292 1472 idem
2310 1452 2313 1455 ·

1233 1493 1321 1526 valet
1342 1506 1350 1526 ε
1370 1496 1472 1538 atque
1495 1496 1537 1529 ab
1551 1496 1614 1530 hac
1632 1506 1733 1531 causa
1748 1506 1868 1531 nomen
1886 1499 2082 1531 mutuatum
2107 1500 2175 1538 est,
2200 1499 2292 1542 quod

1230 1561 1308 1595 quae
1321 1553 1364 1587 ab
1382 1555 1449 1588 alio
1463 1555 1622 1590 dicuntur
1638 1565 1746 1600 quum
1763 1558 1850 1592 alius
1872 1557 1967 1592 audit
1990 1560 2150 1602 recteque
2168 1567 2207 1592 ea
2231 1568 2291 1592 no-

1232 1612 1296 1652 vit,
1319 1612 1447 1648 discere
1463 1615 1526 1648 hoc
1542 1617 1575 1650 et
1594 1615 1781 1660 intelligere
1794 1617 1993 1661 appellatur.

1670 1953 1750 1996 Gap.
1777 1954 1849 1987 xn.

1644 2049 1688 2078 De
1707 2048 1866 2078 sententia.

1278 2141 1354 2173 Jam
1370 2146 1450 2172 vero
1469 2137 1512 2172 de
1530 2137 1694 2171 sententia
1717 2136 1896 2170 dicendum
1915 2138 1976 2170 est.
2006 2138 2159 2172 Vertitur
2177 2141 2290 2173 autem

1230 2202 1265 2235 et
1282 2201 1355 2234 haec
1375 2200 1411 2232 in
1423 2197 1708 2240 contingentibus,
1729 2196 1817 2230 sicut
1834 2195 2013 2240 prudentia
2032 2207 2177 2242 quoque,
2204 2197 2290 2232 bona

1231 2259 1431 2295 consultatio
1445 2259 1480 2292 et
1496 2256 1725 2299 intelligentia.
1747 2257 1972 2297 Quamobrem
1991 2259 2024 2292 et
2040 2257 2082 2292 de
2100 2258 2158 2292 illa
2180 2258 2290 2294 disse-

1230 2330 1354 2356 ramus.

1271 2381 1334 2414 Est
1356 2387 1433 2422 ergo
1451 2377 1614 2411 sententia
1629 2401 1637 2417 ,
1657 2384 1699 2410 ex
1723 2386 1790 2419 qua
1807 2376 1890 2411 bene
1903 2377 2083 2411 sentientes
2102 2379 2136 2411 et
2154 2381 2288 2413 senten-

1231 2441 1312 2475 tiam
1332 2440 1454 2473 habere
1474 2437 1632 2476 dicimus,
1667 2438 1797 2470 rectum
1825 2436 1989 2470 moderati
2019 2437 2082 2471 viri
2110 2438 2286 2480 judicium.

1230 2500 1315 2539 Quis
1336 2501 1450 2533 autem
1477 2505 1596 2540 aequus
1612 2498 1646 2531 et
1665 2505 1742 2540 quae
1756 2496 1899 2540 aequitas
1919 2497 1980 2536 sit,
2004 2497 2040 2530 in
2064 2498 2291 2541 superioribus

1229 2560 1387 2595 diximus.

1271 2623 1365 2654 Hanc
1386 2628 1466 2653 vero
1488 2628 1560 2653 esse
1592 2617 1764 2651 sententiae
1792 2618 1946 2651 naturam
1975 2617 2190 2652 manifestum
2207 2621 2286 2653 est:

1229 2672 1368 2711 aequurn
1395 2662 1481 2695 enim
1516 2661 1628 2694 virum
1652 2660 1796 2692 maxime
1821 2659 1864 2692 ad
1889 2660 2123 2701 ignoscendum
2131 2670 2286 2736 Eropen-

1230 2715 1305 2739 sum
1317 2704 1576 2738 existimamus.
1591 2702 1764 2745 ipsamque
1777 2701 1973 2744 aequitatem
1989 2711 2063 2736 esse
2081 2703 2141 2746 qui
2167 2703 2285 2736 usdam

1230 2746 1375 2795 peccatis
1391 2745 1522 2778 veniam
1547 2744 1638 2778 dare.

1272 2788 1377 2822 Venia
1393 2790 1507 2821 autem
1530 2788 1582 2820 est
1600 2788 1674 2819 tum
1696 2786 1774 2828 apta
1790 2785 1833 2819 ad
1848 2785 2066 2828 judicandum
2080 2796 2122 2820 ex
2140 2796 2239 2830 aequo
2255 2790 2288 2820 et

1227 2849 1314 2882 bono
1341 2849 1416 2880 tum
1446 2848 1540 2880 recta
1572 2845 1765 2880 sententia:
1785 2845 1944 2880 nimirum
1964 2847 2095 2880 rectum
2124 2846 2287 2890 judicium

1229 2912 1263 2944 et
1274 2919 1371 2953 aequa
1387 2908 1551 2943 sententia
1572 2910 1624 2942 est
1640 2907 1747 2941 venia.

1279 2972 1419 3004 Rectum
1446 2978 1527 3003 vero
1557 2968 1745 3012 appellatur
1772 2968 1917 3003 hominis
1938 2968 2011 3003 veri
2036 2968 2200 3012 judicium
2227 2983 2236 3003 z
2257 2970 2285 3003 si

1229 3040 1305 3074 ergo
1330 3030 1426 3064 venia
1455 3029 1619 3063 moderati
1657 3028 1722 3062 viri
1745 3027 1909 3070 judicium
1935 3031 1969 3063 et
2004 3031 2095 3062 recta
2123 3030 2285 3063 sententia

1227 3093 1296 3129 est,
1324 3101 1342 3124 a
1360 3091 1449 3124 recta
1483 3091 1595 3124 autem
1636 3089 1800 3123 sententia
1825 3089 1964 3133 quidam
1992 3089 2075 3123 bene
2104 3090 2284 3123 sentientes

1227 3151 1493 3192 denominantur,
1513 3149 1667 3194 sequitur
1682 3150 1881 3184 sententiam
1895 3159 1937 3184 ex
1953 3159 2021 3193 qua
2034 3150 2117 3184 bene
2136 3149 2281 3183 sentien-

1228 3213 1280 3246 tes
1297 3210 1515 3255 appellantur,
1533 3210 1697 3245 moderati
1708 3210 1773 3244 viri
1782 3210 1946 3254 iudicium
1968 3219 2050 3244 esse.

1270 3273 1395 3306 Omnes
1410 3271 1512 3315 igitur
1530 3280 1666 3306 veraces
1684 3270 1821 3305 habitus
1837 3270 1954 3304 eodem
1975 3269 2133 3307 tendunt,
2148 3268 2281 3303 eadem-

939 3426 1065 3460 ’Ἔστι
1082 3428 1108 3460 δ’
1128 3426 1205 3459 οὔτε
1221 3426 1292 3458 κτλ.
1307 3425 1396 3450 -**
1399 3425 1416 3443 *
1438 3423 1513 3458 Ἀλλ’
1531 3426 1624 3458 ὥσπε
1628 3425 1693 3468 ρτὸ
1712 3423 1882 3466 μανθάνειν
1900 3421 2183 3464 λέγεταισυνιέναι
2201 3421 2272 3454 κτ).

987 3474 1082 3492 *”**
1095 3475 1233 3516 Σημεῖον
1252 3472 1287 3506 δὲ
1300 3473 1431 3506 κτλ.-

1447 3471 1565 3492 ******
1588 3471 1628 3504 Ἥ
1649 3471 1683 3504 δὲ
1701 3471 1879 3513 συγγνώμη
1897 3470 1967 3501 κτλ
1988 3485 2030 3492 -
2207 3466 2282 3509 Ὀρ-

2112 3572 2154 3603 29
