2508 3776
266 264 342 300 404

265 352 364 390 τοῦτο
385 345 468 383 ἄλλο
494 342 593 380 ἐστιει
615 339 653 378 τὸ
678 338 822 385 πολίτην
849 331 939 377 εἶναί
965 354 1041 377 τινα
1063 338 1207 390 ἀγαθόν,
1232 338 1291 376 καὶ

265 406 378 457 ἕτερον
399 401 438 440 τὸ
455 401 562 451 ἄνδρα
584 391 672 436 εἶναι
692 396 830 449 ἀγαθόν.
853 396 957 451 Ἀνὴρ
985 397 1047 447 μὲν
1077 397 1144 450 γὰρ
1168 398 1293 448 ἀγαθός

267 466 357 502 ε’στιν
380 464 397 499 ὁ
419 460 523 504 ἕξιν’
505 461 628 511 αρετῆς
643 456 752 508 ἔχων,
776 455 920 502 πολίτης
941 456 976 494 δὲ
998 457 1123 507 ἀγαθὸς
1142 459 1159 494 ὁ
1180 455 1293 507 πράτ-

264 538 331 560 των
350 522 471 572 ἀρετης
485 517 588 570 ἔργα,
608 517 650 553 δι’
669 530 716 553 ων
732 529 810 557 τους
825 515 949 553 ἑαυτοῦ
964 514 1107 557 πολίτας
1123 513 1296 582 ὠφελησει

265 582 379 629 κοινῇ,
400 576 460 615 καὶ
478 576 564 618 ὅλως
584 573 699 626 δπρὸς
718 571 796 616 τους
816 573 963 616 πολίτας
984 571 1031 610 ὢν
1050 572 1213 622 ἀγαθός.

318 637 337 657 *
355 635 497 675 ’Όθεν’
479 632 683 684 απορήσειεν
703 631 742 669 ἄν
757 646 824 679 τις,
843 633 916 675 πῶς
933 646 993 678 της
1012 630 1220 675 πολιτικῆς’
1207 643 1297 666 εστιν

265 698 287 742 ἡ
308 693 470 740 παιδεία,
499 693 576 730 καθ’
597 691 638 737 ἣν
660 688 793 740 γίνεταί
812 705 862 732 τις
883 688 969 740 ἀνὴρ
997 686 1135 736 ἀγαθός·
1162 685 1241 738 περὶ
1261 689 1298 723 οὓ

266 753 407 804 υστερον
424 754 582 803 ἐροῦμεν.
604 749 648 787 Ἥ
677 748 739 799 μὲν
761 752 820 786 οὖν
843 747 993 786 καθόλου
1017 746 1218 792 δικαιοσύνη
1239 744 1298 783 καὶ

267 810 383 850 ἀδικία
411 809 566 855 τοιαύτη.
591 810 666 854 Της
684 807 719 845 δὲ
740 808 831 846 κατὰ
862 807 962 860 μέρος
997 806 1213 852 δικαιοσύνης
1240 804 1299 843 καὶ

266 873 324 908 τοῦ
342 870 418 907 κατ’
437 866 543 913 αὐτὴν
571 865 703 904 δικαίου
728 865 763 904 ἓν
784 864 846 916 μέν
879 867 970 904 ἐστιν
997 860 1084 908 εἶδος
1102 865 1141 902 τὸ
1163 865 1196 901 ἐν
1225 865 1300 906 ταῖς

267 930 446 976 διανομαῖς
461 955 471 974 ,
493 926 573 964 ὅταν
598 923 769 974 διανέμειν
787 923 893 976 δεήσῃ
915 923 1105 975 χρήματα,
1130 921 1152 968 ἢ
1176 921 1300 972 τιμήν,

267 985 288 1032 ἢ
310 985 396 1023 ἄλλο
423 985 484 1021 ‘ub
504 985 596 1027 τῶν,
624 981 688 1020 ὅσα
718 982 917 1034 μερίζονται
948 981 1032 1034 πρὸς
1052 981 1127 1024 τοὺς
1162 982 1196 1018 ἐν
1227 980 1301 1022 ταῖς

268 1042 469 1086 πολιτείαις·
491 1043 525 1079 ἐν
545 1040 675 1084 τούτοις
691 1040 757 1093 γάρ
776 1042 847 1079 ἔστι
868 1040 927 1079 καὶ
945 1040 984 1079 τὸ
1003 1039 1076 1079 ἴσον
1094 1039 1154 1078 καὶ
1174 1038 1212 1077 τὸ
1232 1038 1303 1076 ἄνι-

269 1118 348 1149 σον,
368 1102 427 1140 καὶ
451 1101 489 1139 τὸ
519 1100 661 1138 ἔλαττον
690 1100 749 1137 καὶ
777 1099 816 1138 τὸ
837 1101 965 1149 μεῖζον·
989 1098 1047 1137 καὶ
1068 1097 1125 1136 διὰ
1142 1101 1243 1136 τοῦτο
1263 1096 1301 1134 τὸ

267 1162 313 1204 ὡς
333 1160 383 1198 δεῖ
400 1158 547 1210 μερίζειν
568 1158 626 1196 καὶ
648 1156 820 1208 διανέμειν
840 1157 1060 1204 δικαιοσύνης
1085 1150 1174 1200 εἶδός
1192 1157 1299 1195 ἔστιν.

266 1217 411 1270 ἽΞτερον
431 1217 466 1255 δὲ
485 1216 523 1255 τὸ
544 1218 577 1254 ἐν
597 1221 666 1260 τοῖς
683 1210 947 1266 συναλλάγμασῖ
965 1214 1198 1267 διορθωτικόν.
1214 1215 1247 1253 Τ
1249 1214 1304 1252 ού-

269 1293 327 1316 του
346 1277 382 1314 δὲ
403 1277 491 1327 μέρη
507 1274 567 1313 δύο
587 1275 643 1312 διὰ
663 1274 703 1312 τὸ
723 1274 783 1313 καὶ
810 1274 854 1312 τὰ
875 1274 1152 1325 συναλλάγματα
1178 1274 1223 1316 εἷς
1243 1271 1303 1309 δύο

270 1334 358 1386 μέρη
394 1333 610 1384 διαιρεῖσθαι.
642 1333 723 1370 Τῶν
748 1332 815 1383 γὰρ
842 1332 1142 1382 συναλλαγμάτων
1177 1330 1221 1368 τὰ
1242 1329 1303 1380 μέν

270 1394 354 1439 εἶσιν
373 1390 534 1438 ἑκούσια,
556 1390 598 1428 τὰ
620 1390 656 1428 δὲ
685 1390 844 1429 ἀκούσια.
868 1388 1034 1428 Ἑκούσια
1066 1388 1128 1439 μὲν
1155 1394 1302 1440 πρᾶσις,

270 1449 340 1495 dm}
359 1479 370 1497 ,
394 1448 594 1498 δανεισμός,
633 1447 762 1498 ἐγγύη,
785 1450 928 1499 χρῆσις,
951 1446 1060 1497 (ὅταν
1083 1462 1134 1491 τις
1164 1445 1220 1483 ἐπὶ
1244 1460 1304 1495 μι-

270 1511 340 1560 σθῷ
360 1506 422 1554 τὴν
448 1507 537 1544 ἷδίαν
557 1506 682 1552 οἰκίαν,
705 1505 727 1552 ἢ
759 1505 798 1543 τὸ
828 1508 912 1558 ζῷον
933 1504 1026 1557 δώσῃ
1043 1511 1056 1529 ⁰
1076 1505 1145 1543 τινὶ
1165 1503 1304 1556 χρήσα-

270 1565 387 1618 σθαι,)
410 1564 703 1616 παρακαταθήκη,
725 1562 890 1614 μίσθωσις
905 1563 928 1611 ἢ
943 1563 1065 1601 δούλου
1091 1562 1114 1609 ἢ
1133 1561 1304 1614 τεχνίτου·

271 1624 413 1663 ἑκούσια
429 1624 465 1661 δὲ
484 1623 625 1674 λέγεται
645 1626 755 1660 ταῦτα
770 1653 780 1671 .,
803 1620 855 1660 ὅτι
876 1620 994 1660 λαὸὼν
1015 1620 1078 1673 μέν
1104 1637 1156 1664 τις
1181 1620 1306 1672 ἢχρη-

271 1683 421 1728 σάμενος
450 1679 510 1718 καὶ
544 1681 708 1724 ἑκουσίως
736 1679 936 1731 ἀποδώσει,
972 1679 1152 1731 καταρχὰς
1188 1679 1306 1729 ,μέντοι

272 1739 433 1783 ἑκουσίως
450 1738 555 1777 ἔλαὸε
576 1739 634 1777 καὶ
653 1740 737 1790 παρ’
759 1738 891 1781 ἑκόντος
921 1738 981 1776 καὶ
1018 1737 1228 1791 βουλομένου
1248 1740 1307 1775 τοῦ

275 1798 435 1841 διδόντος·
457 1795 517 1835 καὶ
545 1795 603 1834 διὰ
621 1800 722 1834 τοῦτο
748 1796 889 1835 ἑκούσια
907 1795 1086 1847 λέγονται·
1108 1794 1253 1834 ἀκούσια
1272 1794 1306 1832 δὲ

271 1856 315 1895 τὰ
337 1855 399 1906 μὲν
434 1857 582 1905 λαθραῖα
602 1854 786 1907 λέγονται,
805 1855 848 1892 τὰ
872 1853 908 1891 δὲ
927 1853 1036 1906 βίαια·
1060 1853 1209 1905 λαθραια
1232 1850 1307 1901 μέν,

273 1918 365 1962 οἱον,
384 1913 518 1960 κλοπή,
540 1913 703 1965 μοιχεία,
723 1912 947 1965 φαρμακεία,
969 1911 1213 1965 προαγωγεία,
1234 1909 1250 1933 ⁶¹
1269 1909 1308 1948 τὸ

274 1974 395 2011 δουλον
419 1971 599 2019 ἀπατῆσαί
630 1986 739 2019 τινος,
776 1971 957 2024 δολοφονία
972 2001 982 2018 ,
1014 1969 1308 2023 ψευδομαρτυρία·

278 2031 375 2083 βίαια
397 2030 433 2068 δέ
446 2059 456 2078 ,
484 2033 574 2078 οῖον,
603 2030 757 2081 πληγαί,
782 2028 927 2081 δεσμός,
949 2029 1115 2079 θάνατος,
1139 2026 1281 2080 ἁρπαγή
1295 2055 1306 2074 ,

274 2089 446 2141 πήρωσις,
465 2087 680 2139 κακηγορίαι,
702 2087 1007 2141 προπηλακισμός.
1025 2086 1310 2137 Συναλλάγματα

275 2148 311 2185 δὲ
330 2147 374 2186 τὰ
395 2151 539 2186 τοιαῦτα
567 2147 666 2200 βίαια
681 2146 862 2198 λέγονται,
882 2146 933 2185 ὅτι
954 2148 971 2183 ὁ
1003 2145 1084 2199 περὶ
1100 2148 1211 2183 ταῦτα
1232 2144 1308 2182 ἀδι-

276 2208 346 2243 κῶν
365 2206 539 2256 λαμὸάνει
573 2205 634 2254 μὲν
659 2206 770 2257 λάθρα
791 2205 853 2243 και
892 2204 1013 2251 βιαίως
1031 2203 1053 2250 ἢ
1074 2202 1245 2256 χρήματα
1259 2232 1270 2252 ,
1287 2199 1309 2247 ἢ

275 2263 413 2310 ἡδονήν·
449 2264 639 2302 ἀποδίδωσι
667 2262 703 2301 δὲ
738 2264 772 2300 ἐν
803 2265 852 2301 τῶ
875 2261 1105 2315 δικαστηρίῳ,
1138 2261 1216 2308 ἤτοι
1249 2263 1311 2308 ζη-

277 2322 381 2372 μίαν,
401 2331 414 2347 ⁶
435 2322 457 2368 ἢ
477 2322 644 2369 θάνατον,
666 2321 689 2368 ἢ
710 2320 748 2359 τὸ
775 2322 992 2372 αἰκισθῆναι,
1008 2320 1031 2367 ἢ
1050 2322 1089 2359 τὸ
1121 2322 1313 2370 ἀτιμασθῆ-

275 2396 345 2418 ναι.
366 2380 446 2419 Εἷσὶ
469 2381 581 2418 τοίνυν
602 2379 823 2426 δικαιοσύνης
844 2380 916 2426 εἴδη
934 2380 1009 2428 δύο,
1027 2379 1067 2418 τό
1078 2395 1117 2418 τε
1132 2378 1229 2430 ἰπερὶ
1248 2378 1311 2426 τὴν

278 2438 444 2488 διανομὴν
462 2437 522 2476 καὶ
548 2437 587 2475 τὸ
606 2436 687 2489 περὶ
707 2437 751 2475 τὰ
771 2438 1063 2489 συναλλάγματα·
1090 2441 1149 2475 τοῦ
1172 2437 1207 2474 δὲ
1231 2436 1312 2488 περὶ

276 2495 320 2532 τὰ
335 2495 611 2547 συναλλάγματα
631 2495 670 2534 τὸ
684 2495 746 2546 μὲν
770 2496 851 2548 περὶ
864 2495 908 2533 τὰ
929 2495 1069 2534 ἑκούσιά
1085 2497 1158 2533 ἐστι
1179 2496 1312 2533 συναλ-

279 2553 465 2604 λάγματα,
480 2555 519 2592 τὸ
540 2553 575 2590 δὲ
600 2554 680 2605 περὶ
700 2552 744 2591 τὰ
767 2553 929 2593 ἀκούσια.
953 2554 1124 2606 Ἐροῧμεν
1147 2553 1182 2591 δὲ
1209 2556 1314 2605 ἀκρι-

281 2610 443 2664 ὅέστερον
463 2611 541 2664 περὶ
562 2611 720 2651 ἑκάστου.

332 2669 504 2722 (Scripsi
527 2677 569 2708 :³
589 2670 675 2709 ἄλλο
705 2670 802 2718 ἐστὶ]
831 2671 951 2720 vulgo
984 2670 1070 2709 ἄλλό
1104 2671 1190 2709 ἐστι.
1222 2693 1271 2699 -
1295 2668 1313 2693 ⁵

279 2727 365 2766 ἄλλο
381 2730 438 2776 τι]
453 2729 570 2777 vulgo
590 2727 676 2766 ἄλλό
693 2744 740 2767 τι.
757 2752 808 2758 -
822 2733 836 2751 ⁰
850 2728 944 2779 δώσῃ
958 2729 971 2779 J
986 2743 1072 2766 cum
1089 2729 1187 2767 codd
1201 2743 1212 2776 ;
1234 2728 1312 2766 vid.

282 2801 402 2839 supra
429 2788 476 2825 ad
508 2787 581 2827 lib.
615 2787 663 2824 IV
694 2801 778 2839 cap.
818 2803 836 2836 7
868 2811 920 2816 —
934 2787 948 2810 ‘¹
981 2786 1229 2840 προαγωγεία]
1266 2800 1314 2825 ex

279 2847 507 2894 Aristotele3
532 2846 621 2885 cod.
641 2846 844 2897 προαγωγία
859 2876 869 2894 ,
893 2847 998 2897 quod
1014 2847 1126 2884 etiam
1145 2847 1187 2884 in
1207 2855 1314 2898 parte

278 2906 589 2942 membranarum
627 2905 817 2953 stagiritae
853 2905 1008 2954 legitur.
1038 2925 1091 2934 -
1111 2913 1124 2930 ⁰
1143 2904 1221 2952 ἤτοι
1249 2906 1313 2951 ζη-

279 2961 389 3014 μίαν]
411 2963 494 3001 cod.
515 2962 537 3009 ἢ
564 2962 619 2999 διὰ
639 2962 779 3013 ζημίαν.
798 2962 875 2992 ——f
897 2962 936 3001 τό
958 2963 1019 3015 τε]
1040 2963 1160 3013 vulgo
1178 2962 1239 3013 τό,
1259 2978 1310 3000 τε.

716 3117 803 3167 Κεφ.
834 3114 876 3153 δ’.

281 3214 359 3256 Περὶ
377 3217 432 3251 τῆς
450 3213 481 3245 ἐν
496 3212 682 3253 δικαιοσύνῃ
699 3213 847 3249 ἰσότητος
867 3213 922 3244 καὶ
949 3213 1138 3254 ἀναλογίας,
1170 3213 1223 3244 καὶ
1242 3213 1315 3253 περὶ

480 3262 538 3291 τοῦ
554 3259 777 3301 διανεμητικοῡ
791 3259 894 3296 εἴδους
906 3263 963 3292 τοῦ
975 3260 1111 3292 δικαίου.

336 3340 376 3363 **
388 3337 498 3380 Ἐστι
513 3341 625 3380 τοίνυν
641 3340 680 3379 τὸ
698 3340 839 3390 δίκαιον,
858 3340 917 3379 καὶ
931 3340 1052 3391 μέσον,
1070 3340 1130 3379 καὶ
1150 3340 1235 3389 ἴσον,
1255 3339 1314 3379 καὶ

1073 249 1358 291 ANDRONICI
1388 248 1566 287 RHODlI

1355 350 1430 374 vem
1447 341 1578 379 honum,
1601 338 1692 372 aliud
1704 339 1814 372 virum
1832 339 1956 372 bonum
1971 349 2052 374 esse.
2073 340 2137 379 Qui
2155 340 2241 373 enim
2256 340 2389 374 virtum

1355 400 1470 433 habitu
1483 402 1532 432 est
1547 398 1715 441 praeditus,
1730 398 1783 431 vir
1800 398 1906 431 bonus
1932 401 2001 440 est3
2022 399 2081 440 qui
2104 407 2183 431 vero
2200 407 2254 432 res
2272 397 2390 432 virtuti

1357 463 1588 494 consentaneas
1605 460 1708 502 gerit,
1727 460 1847 502 quibus
1862 459 2015 502 prodesse
2027 459 2159 501 publice
2171 460 2298 494 civibus
2310 456 2390 502 pod-

1357 520 1411 560 sit,
1427 520 1549 562 quique
1561 520 1690 552 omnino
1708 520 1746 551 ut
1758 519 1892 560 dignum
1912 520 1961 551 est
1982 519 2050 551 viro
2066 518 2151 552 bono
2171 527 2248 560 cum
2262 519 2390 552 civibus

1357 581 1459 620 vivit,
1473 580 1557 613 civis
1573 580 1678 612 bonus
1694 581 1754 612 cst.

1400 638 1619 676 Quamobrem
1641 639 1769 680 quaerat
1783 637 1919 679 aliquis,
1938 637 2102 682 quomodo
2119 637 2161 670 ad
2182 635 2391 680 prudentiam

1359 697 1488 730 civilem
1503 707 1541 730 ea
1557 697 1727 739 disciplina
1746 696 1922 738 pertineat,
1946 705 2013 738 qua
2034 695 2087 729 vir
2101 695 2207 729 bonus
2223 694 2366 729 eflicitur
2382 707 2391 727 ι

1359 755 1400 788 de
1413 765 1480 798 quo
1494 755 1657 797 posterius
1677 755 1884 788 disseremus.
1922 754 2010 787 Talis
2026 763 2102 796 ergo
2124 754 2276 787 universa
2294 753 2329 787 et
2337 751 2392 796 lu·

1359 814 1450 847 stitia
1467 816 1500 847 et
1527 814 1688 856 injustitia
1713 815 1775 846 est.
1818 815 1918 846 Porro
1939 812 2082 855 Justitiae
2103 811 2311 854 particularis
2336 810 2396 854 ju-

1359 873 1470 915 risque
1499 872 1535 905 in
1555 882 1622 914 quo
1654 874 1805 905 versatur
1835 871 1913 912 illa,
1931 881 1996 903 una
2022 870 2155 913 quidem
2176 871 2210 903 in
2234 868 2396 916 distribu-

1360 932 1448 964 tione
1473 931 1617 963 cernitur
1642 931 1785 973 species,
1810 929 1941 972 quoties
1968 929 2126 963 nimirum
2160 929 2215 963 vel
2242 927 2397 972 pecunius

1365 988 1415 1021 vel
1447 988 1603 1027 honores,
1639 987 1693 1020 vel
1723 987 1814 1035 aliud
1840 987 1922 1030 quid
1950 987 2040 1030 quod
2066 987 2274 1034 dividiintcr
2306 986 2396 1022 dves

1365 1047 1468 1086 solet,
1509 1046 1706 1079 distribuere
1731 1046 1889 1079 debemus
1921 1047 1983 1079 :in
2014 1046 2067 1079 his
2086 1046 2173 1079 enim
2200 1054 2335 1090 aequum
2361 1045 2397 1078 et

1360 1105 1532 1147 iniquum,
1560 1105 1670 1137 minus
1694 1106 1727 1137 et
1756 1105 1863 1146 maJus
1887 1106 1939 1137 cst
1969 1115 1977 1136 ε
2005 1103 2144 1146 ideoque
2169 1100 2395 1136 dividerent-

1361 1163 1461 1206 quid,
1490 1164 1530 1195 ut
1557 1164 1703 1205 oportet,
1742 1171 1780 1194 ac
1795 1162 1991 1195 distribuere
2015 1161 2154 1204 justitiae
2186 1161 2311 1204 species
2333 1162 2395 1194 est.

1364 1221 1475 1254 Altera
1497 1230 1576 1253 vero
1605 1221 1663 1253 i‘lla
1687 1221 1841 1262 habetur,
1867 1229 1935 1262 qua
1955 1220 2102 1262 negotia,
2134 1228 2210 1262 quae
2232 1228 2308 1253 cum
2325 1219 2398 1252 aliis

1363 1280 1602 1320 contrahimus,
1621 1279 1818 1320 diriguntur.
1838 1279 1946 1321 HuJ'us
1970 1287 2087 1311 rursus
2102 1277 2178 1311 dum
2195 1279 2272 1311 sunt
2287 1277 2399 1321 partes

1362 1340 1533 1381 propterea
1545 1338 1634 1380 quod
1650 1339 1683 1371 et
1698 1337 1829 1380 negotia
1846 1339 2011 1370 contracta
2027 1337 2060 1370 in
2075 1337 2160 1370 duas
2178 1337 2298 1379 partes
2311 1335 2400 1370 divi-

1365 1397 1501 1430 duntur.
1523 1397 1718 1430 Contractus
1739 1396 1825 1428 enim
1854 1396 1910 1428 alii
1936 1397 2050 1438 sponte
2077 1397 2210 1436 nostra,
2229 1394 2285 1429 alii
2301 1394 2400 1428 'nobis

1364 1455 1478 1488 invitis
1507 1455 1601 1488 fiunt.
1632 1456 1752 1497 Sponte
1770 1454 1853 1486 fiunt
1883 1454 2048 1495 venditio,
2074 1454 2190 1494 emtio,
2211 1452 2397 1492 foeneratio,

1367 1514 1495 1556 sponsio
1508 1540 1515 1553 ,
1544 1513 1683 1554 locatio,
1703 1515 1759 1553 (ut
1784 1522 1888 1555 quum
1914 1513 2034 1554 aliquis
2058 1512 2190 1545 domum
2221 1521 2315 1545 suam
2341 1513 2400 1544 aut

1366 1573 1485 1607 animal
1506 1572 1655 1605 mercede
1674 1572 1779 1610 locat,
1796 1572 1807 1612 )
1829 1570 2027 1612 depositum,
2049 1570 2166 1603 famuli
2181 1569 2324 1613 denique
2337 1568 2402 1603 ali-

1366 1633 1460 1674 cujus
1475 1630 1528 1663 vel
1543 1630 1681 1672 operarii
1693 1630 1866 1662 conductio
1886 1640 1893 1659 :
1912 1631 1944 1662 et
1963 1630 2077 1671 sponte
2088 1628 2223 1671 quidem
2235 1629 2402 1661 contracta

1366 1691 1438 1723 haec
1457 1689 1584 1731 negotia
1607 1688 1774 1730 dicuntur,
1797 1687 1952 1731 quoniam
1967 1687 2026 1730 qui
2045 1687 2171 1729 accepit
2188 1686 2268 1720 talia
2282 1687 2340 1720 aut
2360 1686 2403 1719 iis

1366 1758 1448 1781 usus
1466 1750 1532 1786 est,
1554 1749 1668 1789 sponte
1689 1747 1790 1780 etiam
1816 1746 1950 1787 reddet,
1977 1748 2092 1788 utpote
2115 1745 2175 1788 qui
2191 1744 2286 1778 initio
2302 1744 2401 1778 ofiani

1369 1807 1481 1840 volens
1502 1816 1520 1839 a
1541 1806 1671 1839 volente
1696 1805 1755 1847 qui
1781 1805 1917 1838 dederat
1945 1804 2106 1847 acceperit
2135 1812 2143 1833 =
2161 1805 2263 1846 atque
2279 1802 2403 1836 idcirco

1367 1866 1440 1898 haec
1465 1864 1649 1897 voluntaria
1675 1863 1880 1906 appellantur
1900 1875 1908 1895 z
1937 1864 2050 1895 contra
2068 1871 2133 1895 non
2147 1861 2334 1895 voluntaria
2350 1860 2404 1895 ‹li-

1374 1926 1497 1956 cuntur
1515 1923 1638 1965 partim
1658 1921 1880 1961 clandestina,
1899 1921 2021 1964 partim
2037 1921 2181 1954 violenta
2202 1931 2210 1952 :
2230 1922 2264 1954 et
2275 1919 2403 1953 claude-

1368 1984 1454 2016 stina
1469 1982 1614 2024 quidem,
1629 1983 1667 2013 ut
1680 1980 1817 2019 furtum,
1834 1979 2042 2020 adulterium,
2057 1978 2260 2018 veneficium,
2280 1978 2403 2012 lenoci-

1369 2041 1478 2082 nium,
1507 2040 1593 2073 servi
1613 2039 1710 2073 alieni
1735 2038 1921 2079 fraudatio,
1952 2037 2058 2071 caedes
2085 2046 2143 2080 per
2160 2037 2275 2070 dolum
2302 2039 2404 2080 atque

1371 2099 1506 2133 insidias
1527 2099 1719 2137 commissa,
1744 2096 1864 2131 falsum
1887 2096 2130 2135 testimonium
2149 2094 2292 2128 violenta
2304 2103 2402 2134 vcro,

1370 2159 1409 2189 ut
1424 2157 1575 2196 verbera,
1596 2156 1728 2189 vincula
1740 2181 1748 2195 ,
1768 2165 1859 2189 mors
1871 2180 1879 2195 ,
1899 2154 2024 2197 rapina,
2047 2151 2228 2187 debilitatio
2239 2177 2249 2194 ,
2267 2151 2406 2186 malodi-

1371 2215 1492 2254 centia‚
1512 2215 1718 2248 contumelia.
1739 2214 1830 2247 Talia
1841 2223 1920 2246 vero
1934 2212 2063 2255 negotia
2081 2211 2225 2245 violenta
2237 2210 2404 2250 dicuntur,

1371 2275 1542 2316 propterea
1558 2273 1648 2316 quod
1663 2272 1721 2314 qui
1736 2272 1809 2305 hacc
1822 2271 1944 2313 injuste
1967 2269 2047 2303 facit
2063 2269 2191 2303 -furtim
2206 2269 2240 2303 et
2261 2277 2320 2312 per
2337 2268 2406 2301 vim

1371 2333 1424 2365 vel
1441 2332 1595 2374 pecunias
1610 2331 1662 2364 vel
1677 2331 1881 2373 voluptatem
1898 2329 1984 2372 rapit
2009 2338 2019 2358 ε
2036 2337 2095 2371 pio
2111 2328 2234 2372 quibus
2247 2328 2361 2371 postea
2373 2326 2407 2359 in

1369 2390 1492 2433 judicio
1503 2390 1661 2423 mulctam
1676 2391 1734 2422 aut
1744 2390 1885 2422 mortem
1893 2414 1901 2427 ,
1922 2389 1980 2420 aut
1990 2388 2154 2420 tormenta
2167 2387 2227 2420 aut
2236 2385 2405 2420 infamiam

1373 2449 1472 2482 subit.
1491 2451 1576 2482 Dum
1598 2458 1672 2490 ergo
1686 2447 1826 2490 justitiae
1847 2448 1924 2480 sunt
1947 2445 2080 2488 species,
2094 2446 2167 2478 tum
2186 2453 2263 2488 quoe
2280 2444 2315 2477 in
2337 2443 2407 2476 dis-

1372 2507 1560 2545 tributione,
1583 2508 1657 2539 tum
1673 2515 1748 2548 quae
1762 2506 1794 2538 in
1805 2503 1982 2538 contractis
1999 2502 2136 2545 negotiis
2145 2502 2291 2535 cernitur
2309 2513 2316 2534 :
2335 2501 2408 2543 ejus

1373 2568 1484 2599 autem
1503 2565 1625 2608 quaein
1639 2565 1729 2598 hisce
1746 2563 1882 2606 negotiis
1899 2561 2048 2596 consistit
2063 2561 2127 2594 alia
2138 2559 2244 2593 forma
2256 2560 2341 2592 circa
2352 2567 2410 2592 vo-

1373 2623 1535 2664 luntaria,
1554 2623 1618 2656 alia
1636 2623 1723 2655 circa
1741 2631 1805 2655 non
1817 2620 2003 2654 voluntaria
2024 2619 2155 2661 negotia
2172 2618 2334 2652 versatur.
2357 2618 2407 2650 Dc

1374 2682 1509 2725 singulis
1528 2684 1641 2715 autem
1658 2681 1843 2715 accuratius
1859 2679 2110 2725 disputabimus.

1753 3164 1756 3165 γ
1811 3131 1890 3172 Gap.
1913 3130 1958 3161 IV

1377 3225 1418 3252 De
1428 3223 1552 3258 justitiae
1575 3220 1740 3257 aequalitate
1751 3219 1782 3248 et
1796 3215 1989 3254 proportione
1998 3236 2005 3248 ,
2015 3215 2088 3244 item
2104 3213 2142 3243 de
2153 3220 2187 3243 ea
2197 3212 2275 3249 juris
2287 3209 2385 3248 speeie
2393 3230 2404 3245 ,

1641 3272 1708 3302 quae
1723 3264 1754 3293 iu
1769 3260 1976 3292 distribuendo
1988 3260 2132 3289 cernitur.

1417 3345 1477 3376 Est
1495 3352 1572 3384 ergo
1598 3342 1727 3384 Justum
1741 3342 1774 3373 ct
1799 3338 1961 3377 medium,
1987 3339 2020 3369 et
2042 3345 2196 3378 aequum,
2218 3337 2252 3369 et
2270 3341 2408 3387 propor-

298 3406 2407 3428 Μ

345 3457 438 3490 'Heni
455 3457 488 3490 δὲ
499 3462 556 3497 τῆς
572 3458 644 3490 καθ’
662 3457 801 3491 ἕκαστον
811 3457 958 3494 παιδείας
973 3459 1027 3489 ν-τ)
1064 3474 1099 3480 -
1116 3457 1154 3474 **
1175 3457 1252 3497 Gap.
1270 3459 1299 3488 3.
1324 3456 1394 3488 ἐπει
1409 3456 1441 3487 δὲ
1457 3456 1474 3487 ὅ
1489 3454 1516 3486 τ’
1537 3455 1645 3491 ἄδικος
1663 3454 1772 3489 ἄνισος
1784 3475 1792 3491 ,
1806 3451 1861 3482 καὶ
1875 3450 1912 3482 τὸ
1934 3449 2045 3481 ἄδικον
2060 3448 2172 3485 ἄνισον
2189 3447 2261 3478 κτλ.

2503 3034 2508 3070 ἒ,

2492 3101 2508 3159 ἑ

2498 3212 2508 3240 -i
