2528 3788
1009 229 1076 270 DE
1107 231 2284 278 XENOCRATE.109

211 336 226 350 ·-
272 315 446 371 primum
476 318 623 358 libmm
654 329 801 373 spectat
827 321 999 361 Galenus
1027 322 1181 361 decimo
1242 321 1278 360 δὲ
1298 324 1446 375 λογικῶν
1468 323 1676 376 διαλεχθείς·
1694 325 1866 378 ῥητότατα
1889 325 1925 365 δὲ
1945 327 1976 365 οἱ
1996 325 2074 376 περὶ
2096 325 2202 365 τὸνῗ
2169 341 2284 367 ...ενο-

113 386 142 422 ‹ss
158 384 212 409 ’;-,
236 376 332 416 »uine
346 389 466 430 super
484 386 746 431 temperatura
762 389 800 419 ct
817 380 995 422 facultate
1014 381 1180 419 medica·
1240 379 1375 432 κράτην
1396 380 1455 419 καὶ
1473 383 1503 419 οἱ
1525 382 1594 420 ἀπὸ
1617 398 1676 420 του
1681 385 1926 455 περιπάτου,
1951 384 2002 423 ἔτι
2023 383 2058 423 δὲ
2079 385 2110 423 οῖ
2136 385 2206 425 ἀπὸ
2224 389 2285 434 τῆς

122 457 153 493 ‘.
189 458 208 469 «ι
244 448 348 476 rum
368 435 608 489 simplicium
631 447 724 478 tom.
745 437 795 488 Π,
817 451 906 491 pag.
927 439 1000 477 132
1023 439 1085 478 ed.
1109 439 1182 479 Ba·
1241 444 1345 484 στοᾶς
1363 438 1507 492 ἔχονται
1530 443 1637 490 τῆσδε
1658 445 1722 491 τῆς
1742 443 1953 498 διαιρέσεως.

62 532 65 533 ⁷
108 492 300 537 21.Vide
317 496 483 538 eundem
498 497 796 542 Galenumtom.
812 497 865 548 11,
881 511 970 550 pag.
993 498 1061 547 68,
1072 499 1181 538 Ar-te

153 555 164 612 ’Π
177 563 198 586 ”
220 567 327 595 mum.
342 554 712 607 Onirocrit.1v,22
733 564 773 606 et
792 556 947 597 Aetium
964 557 1177 608 Tetrab.1,

26 662 31 680 ›
123 611 157 671 “j
186 623 188 627 ’
218 613 273 664 ll,
301 628 388 668 cap.
421 616 487 655 83.
512 617 570 656 De
590 617 664 657 1166
690 626 819 657 autem
839 619 896 657 sic
911 617 1064 669 judicat
1089 617 1177 656 Cle-

104 673 145 726 2-3]
212 686 232 714 ε
253 674 546 719 Alexandrinus
566 675 803 716 stromatum
818 676 890 720 lib.
905 676 992 726 Vll,
1009 691 1049 729 p.
1067 691 1174 747 717.
1166 692 1174 699 ·

97 739 189 789 ,ῥῖ’
205 737 223 772 ‘i
239 731 279 772 δὲ
308 733 537 787 Ξενοκράτης
557 735 631 788 ἰδίᾳ
651 734 986 789 πραγματευόμενος
1014 735 1095 789 περὶ
1117 737 1178 782 τῆς

24 790 26 827 1
92 786 100 805 ’
118 790 133 821 „²¹
210 792 281 832 τῶν
301 791 400 848 ζῴων
419 797 571 850 τροφῆς,
590 795 652 841 καὶ
675 793 850 847 Πολέμων
871 795 907 834 ἔν
925 799 997 839 τοῖς
1013 794 1095 848 περὶ
1115 798 1177 834 τοῦ

20 860 26 891 ἑ
69 854 99 908 ‘’s-³.
97 833 215 901 ω
240 850 344 906 φυσιν
363 851 440 908 βίου
461 853 684 907 συντάγμασι
700 857 820 908 σαφῶς
840 853 976 906 λέγειν,
995 855 1043 898 ὡς
1063 854 1176 906 ἀσύμ-

68 918 200 967 ἦα
253 912 350 952 ἱστιν
377 915 400 961 ἡ
431 912 490 953 διὰ
520 915 590 953 τῶν
617 916 757 967 σαρκῶν
787 914 923 968 τροφή,
958 913 1173 972 εἰργασμένη

82 961 191 1034 ψη
217 969 280 1023 aqui
309 969 557 1023 ἕξομοιουμένη
580 972 681 1028 (leg.
706 972 981 1026 ἐξωμοιωμένη)
1004 979 1080 1017 ταῖς
1105 976 1175 1013 τῶν

79 1021 259 1085 ''1va
283 1032 427 1087 ψυχαῖς.
450 1031 699 1086 Caeteroquin
721 1047 770 1072 ex
798 1033 870 1072 illo
897 1047 1017 1085 opere
1044 1034 1172 1072 locum

12 1109 17 1150 g
59 1083 84 1142 ,¹
118 1089 215 1136 ntis
229 1089 392 1144 longum
406 1091 488 1146 περὶ
505 1095 568 1142 τῆς
588 1093 660 1132 ἀπὸ
685 1092 837 1145 ἐνύδρων
857 1095 988 1147 τροφῆς
1004 1093 1175 1133 servavit

23 1149 28 1152 '
56 1170 69 1193 ·:
111 1148 327 1192 ffibasius
346 1149 564 1198 collectan.
587 1151 688 1192 med.
711 1152 764 1202 ΙΙ,
788 1153 854 1193 58.
879 1153 940 1193 Cf.
970 1152 1175 1192 Fabricius

10 1223 15 1234 ¹
55 1227 58 1229 ’
118 1209 227 1252 nihl.
247 1210 319 1252 Gr.
339 1211 422 1253 vol.
439 1211 517 1262 111,
538 1226 629 1266 pag.
655 1214 742 1266 193.
770 1215 919 1264 Agmen
933 1213 1080 1253 claudit
1097 1211 1174 1252 Xe-

120 1278 301 1313 uoci-ntes
319 1268 513 1324 Ephesius
532 1285 556 1311 a
574 1272 708 1312 Plinio
737 1273 947 1324 aliquoties
976 1273 1171 1321 laudatus,

20 1356 22 1358 -
117 1338 162 1370 nt
177 1329 250 1372 lib·
267 1328 464 1379 XXXVII,
484 1344 570 1383 cap.
603 1345 650 1379 2,
674 1332 744 1384 qui
771 1332 813 1370 in
841 1331 1088 1383 physiologia
1116 1333 1174 1370 vi-

28 1389 30 1394 ’
107 1387 232 1432 detur
250 1385 474 1429 elaborasse
495 1388 595 1442 (89).

4 1481 6 1486 ,
33 1463 52 1477 ·‹
68 1466 70 1468 v
111 1459 114 1462 ⁴
169 1446 295 1488 Venio
309 1461 416 1488 nunc
431 1449 480 1488 ad
494 1447 728 1488 Xenocratis
742 1448 996 1488 Chalcedonii
1013 1451 1170 1501 scripta.

4 1518 6 1568 j
83 1506 314 1566 Diogenes
333 1507 515 1549 Laertius
532 1507 606 1549 lib.
639 1507 707 1557 IV,
734 1521 777 1547 11
803 1509 976 1561 plurima
995 1521 1085 1547 eum
1111 1509 1173 1547 in-

4 1569 6 1598 1
54 1582 61 1618 j
104 1565 225 1620 3611ίί
250 1566 314 1607 sui
333 1575 588 1608 monumenta
618 1568 827 1619 reliquisse
853 1569 1023 1616 docens,
1044 1568 1087 1606 in
1110 1568 1172 1607 his

2 1675 4 1679 ,
46 1627 55 1656 ἶ
106 1624 379 1680 Μγρᾶμματα
409 1626 470 1667 καὶ
489 1626 558 1675 ἔπη
580 1626 642 1666 καὶ
669 1627 916 1681 παραινέσεις,
942 1627 985 1666 ἰι1
1013 1636 1097 1675 est,
1120 1628 1172 1666 li-

47 1690 86 1724 ς’
93 1683 210 1740 bros
221 1685 350 1726 sohnta
361 1689 540 1727 oratione
553 1688 814 1740 conscriptos,
827 1687 1002 1726 carmina
1016 1687 1172 1726 heroica

47 1790 55 1796 ,
67 1747 155 1785 ‘et
179 1747 332 1786 monita
356 1745 478 1787 fuisse
506 1747 577 1786 ait.
609 1746 685 1786 Sed
707 1755 751 1786 ut
780 1754 927 1798 quanta
954 1746 1172 1787 doctissimi

43 1801 73 1853 -’;
113 1802 195 1847 'viri
217 1804 268 1845 de
289 1806 458 1858 singulis
477 1806 740 1859 philosophiae
760 1807 1061 1857 litterarumque
1082 1820 1173 1858 par-

67 1857 221 1906 ἤϋσε
240 1865 382 1906 merita
401 1865 568 1916 fuerint,
589 1876 803 1920 appareat,
829 1880 908 1906 non
930 1865 1043 1905 illum
1062 1867 1174 1906 volu-

37 1935 69 1974 ,ξ
105 1923 266 1978 1611111111
298 1925 502 1975 ordinem,
536 1926 607 1979 qui
641 1925 798 1965 Laertio
830 1925 1009 1978 placuit,
1033 1937 1169 1978 seque-

11 1995 67 2039 ⁴2:
104 1991 216 2034 mr,
235 1984 305 2024 sed
321 1985 552 2049 philosophi
576 1986 726 2052 scripta
745 1985 960 2036 generatim
984 1984 1172 2032 disposita

113 2038 421 2077 ἐξῆῑῧέϋίιηίιε
431 2049 461 2054 ““

375 2124 406 2164 l.
435 2125 590 2178 Scripta
618 2127 905 2168 mathematica.

169 2218 215 2290 (1)
232 2218 316 2274 περὶ
333 2222 544 2274 γεωμετρῶν
565 2220 687 2274 βιὸλία
707 2220 759 2269 ε’,
781 2225 829 2260 de
847 2228 1059 2273 geometr-Is,
1076 2224 1170 2264 libri

113 2279 302 2334 quinque.

5 2366 19 2394 (η
104 2339 107 2345 ’
166 2336 214 2392 (a)
247 2338 330 2394 περὶ
356 2338 575 2393 γεωμετρίας
597 2339 632 2378 α’
663 2339 716 2394 β’,
735 2343 784 2379 de
807 2347 1039 2392 geometria,
1073 2343 1168 2383 libri

3 2418 6 2420 v
26 2437 30 2439 .
109 2396 204 2441 duo.

15 2451 46 2472 '³‘
106 2471 111 2477 “
165 2453 216 2513 (1)
233 2455 317 2511 περὶ
337 2457 497 2512 ἀριθμῶν
509 2486 521 2506 ,
542 2461 591 2496 de
610 2463 786 2500 numeris.

165 2514 217 2568 (ἡ
235 2515 393 2570 ἀριθμῶν
415 2516 565 2570 Θεωρία,
585 2531 823 2556 numerorum
846 2522 1129 2568 contemplatio.
1194 2539 1199 2600 Ι

165 2573 213 2629 (ε)
231 2577 304 2616 τῶν
319 2574 402 2629 περὶ
419 2575 653 2628 ἀστρολογίαν
672 2574 727 2624 ς’,
740 2578 960 2627 astrologice
976 2579 1063 2615 libri
1079 2592 1162 2619 sex.

415 2669 467 2708 11.
499 2670 653 2722 Scripta
681 2670 860 2722 physica.

26 2798 50 2811 ,,
93 2760 106 2820 ’1
164 2763 210 2818 (ε)
229 2763 312 2818 περὶ
332 2763 538 2818 φιλοσοφίας
558 2765 604 2804 α’.

96 2831 110 2850 -’
161 2821 210 2863 ln
230 2820 308 2863 hoc
327 2824 520 2876 singulari
547 2824 597 2864 de
616 2823 872 2877 philosophia
893 2823 999 2864 libro
1020 2838 1091 2864 vei
1093 2840 1160 2865 1s1

105 2881 204 2923 111116
226 2891 286 2923 est
308 2881 567 2924 Xenocratem
588 2897 634 2923 ea
654 2883 885 2935 exposuisse
909 2896 998 2935 quae
1017 2884 1065 2923 ad
1088 2885 1160 2924 tri-

27 2934 89 2991 ζ
209 2950 287 2983 tam
309 2943 514 2997 sapientiae
544 2944 781 2983 divisionem
816 2952 1052 2994 spectarent.
1077 2945 1161 2984 Huc
1190 2920 1194 2994 Ι

14 3014 63 3059 ᾖ,
80 2931 276 3058 ffimt
298 3003 406 3044 Sexti
428 3003 621 3057 Empirici
642 3004 754 3043 locus
774 3005 844 3055 qui
864 3003 953 3043 adv.
975 3004 1158 3043 mathem.
1187 2995 1193 3085 Ι

23 3061 61 3111 ’,Ἰ
92 3058 196 3119 ΜΠ,
239 3065 288 3104 16
322 3064 378 3104 ita
405 3063 662 3106 Chalcedonii
697 3063 928 3118 philosophi
971 3064 1162 3116 placitum

27 3117 58 3155 ’ἴ
95 3123 257 3180 8113113
280 3123 374 3172 πλὴν
394 3117 489 3165 οὗτοι
510 3124 573 3176 μὲν
598 3125 752 3168 ἐλλιπῶς
774 3123 1010 3179 ἀνεστράφθαι
1031 3124 1157 3164 δοκοῦ-

23 3191 46 3207 ⁸
95 3179 180 3236 ‘mn
202 3181 445 3238 ἕντελίστερον
461 3181 499 3223 δὲ
518 3183 619 3238 παρὰ
637 3182 780 3227 τούτους
799 3186 832 3223 οἱ
853 3182 1008 3228 εἰπόντες
1024 3198 1086 3232 της
1102 3200 1160 3240 φι-

10 3235 44 3291 ’,ξ’
94 3234 270 3298 'decuplae
289 3240 330 3282 τὸ
347 3241 413 3294 μέν
433 3258 468 3282 τι
489 3235 580 3283 εἶναι
597 3242 763 3298 φυσικόν,
783 3243 823 3282 τὸ
839 3243 876 3282 δὲ
893 3242 1041 3292 ἠθικόν,
1055 3259 1096 3283 το
1122 3243 1159 3284 δὲ

49 3293 268 3355 ἶογικόν·
287 3294 336 3342 ὅν
356 3301 505 3355 δυναμει
526 3303 591 3357 μὲν
607 3303 762 3344 Πλάτων
780 3302 874 3343 ἐστιν
892 3302 1048 3357 ἀρχηγός
1055 3305 1162 3357 ,περὶ

201 3362 248 3400 ”’ν
267 3360 331 3413 μὲν
352 3363 530 3417 φυσικῶν,
554 3364 697 3403 πολλῶν
717 3363 754 3403 δὲ
776 3365 930 3412 ἠθικῶν,
950 3363 1014 3403 οὐκ
1034 3361 1160 3415 ὀλίγων

1224 3308 1347 3357 γεσθαι
1379 3304 1626 3358 πραγματείας
1658 3303 1780 3358 βιὸλία
1815 3302 1870 3351 ιε’,

1222 3363 1326 3404 Μετὰ
1341 3367 1444 3403 τοῦτο
1458 3363 1580 3418 βιὸλία
1594 3363 1635 3404 ιε’
1641 3363 1727 3416 ,καὶ
1744 3363 1834 3402 ἄλλα
1849 3362 1970 3415 βιὸλία
1988 3359 2031 3406 ις’
2047 3368 2169 3398 ortatu
2188 3372 2276 3397 nor

1294 497 1338 551 (7)
1357 499 1439 549 περὶ
1456 501 1542 539 θεῶν
1559 501 1592 539 α’
1612 501 1659 554 β’.

1293 557 1375 598 Hos
1395 558 1554 599 libellos
1573 561 1738 600 intuitus
1750 561 1922 613 Vellejus
1942 563 2045 614 apud
2058 563 2284 604 Ciceronem

1239 617 1288 656 de
1307 619 1523 659 nau-deor.
1548 620 1621 661 lib.
1642 621 1676 669 l,
1701 634 1784 674 cap.
1814 622 1859 659 13
1887 636 1895 658 :
1918 621 2053 673 Neque
2068 634 2188 673 vero,
2218 623 2285 661 in-

1241 676 1345 726 quit,
1374 676 1461 728 ejus
1484 680 1780 731 condiscipulus
1805 679 2042 719 Xenocrates
2063 681 2107 719 in
2126 680 2201 719 hoc
2221 694 2286 730 ge-

1240 748 1333 774 nere
1358 737 1616 789 prudentior3
1640 739 1682 776 in
1713 739 1825 791 cujus
1850 739 1982 787 libris,
2020 740 2090 791 qui
2123 748 2215 779 sunt
2242 740 2288 777 de

1239 802 1379 834 natura
1400 796 1562 835 deorum
1578 826 1589 845 ,
1623 798 1732 836 nulla
1755 799 1903 851 species
1935 800 2071 838 divina
2097 798 2288 837 describi-

1238 862 1328 892 tur:
1353 854 1447 894 deos
1473 858 1578 894 enim
1613 866 1699 896 octo
1719 870 1802 896 esse
1822 858 1919 897 dicit
1950 874 1958 896 z
1992 859 2168 910 quinque
2200 870 2288 904 eos,

1238 914 1307 964 qui
1327 914 1369 952 in
1393 916 1517 954 stellis
1551 917 1660 966 vagis
1687 918 1955 966 nominantur,
1977 931 2120 966 unum,
2144 917 2215 968 qui
2240 930 2289 956 ex

1237 973 1423 1013 omnibus
1451 975 1674 1025 sideribus,
1710 990 1797 1028 quae
1829 977 1952 1015 infixa
1980 977 2078 1015 coelo
2102 984 2212 1024 sunt,
2240 989 2289 1014 ex

1236 1033 1427 1085 dispersis
1459 1034 1570 1086 quasi
1602 1034 1790 1073 membris
1812 1036 1980 1087 simplex
2012 1035 2062 1073 sit
2092 1034 2289 1086 putandus

1236 1092 1332 1132 deus
1341 1105 1355 1145 3
1383 1093 1593 1146 septimum
1627 1094 1754 1134 solem
1788 1094 1967 1145 adjungit
1994 1109 2003 1132 ι
2031 1102 2289 1144 octavumque

1241 1149 1394 1189 Punam
1405 1180 1418 1198 ,
1440 1154 1507 1203 qui
1528 1166 1607 1204 quo
1627 1166 1743 1192 sensu
1759 1153 1866 1192 beati
1881 1167 1964 1193 esse
1982 1154 2154 1207 possint,
2174 1153 2290 1191 intel·

1236 1209 1307 1261 ligi
1327 1224 1407 1250 non
1423 1220 1563 1264 potest.
2254 1224 2263 1232 ·

1289 1267 1335 1322 (3)
1357 1270 1438 1323 περὶ
1458 1270 1593 1324 φύσεως
1617 1272 1649 1309 α’
1683 1271 1715 1323 β’
1737 1270 1770 1323 γ’
1795 1272 1825 1310 δ’
1847 1274 1873 1310 ε’
1903 1272 1938 1315 ς’
1959 1275 2006 1310 de
2037 1281 2174 1309 nutura
2206 1273 2292 1308 libri

1234 1342 1316 1370 sex.

1292 1387 1338 1442 (9)
1356 1392 1520 1460 φυσικῶςω
1525 1389 1728 1443 ἀκροάσεως
1745 1389 1778 1429 α’
1802 1391 1835 1443 β’
1854 1390 1887 1444 γ’
1905 1389 1934 1429 δ’
1956 1390 1982 1430 ε’
1999 1389 2052 1434 ς’.

1290 1448 1354 1499 (ιο)
1376 1447 1457 1500 περὶ
1473 1450 1543 1487 τῶν
1564 1449 1791 1502 Παρμενίδου
1810 1449 1858 1490 α’.

1292 1506 1355 1560 (11)
1380 1508 1462 1561 περὶ
1481 1508 1696 1560 εἱμαρμένης
1715 1508 1764 1550 α’.

1292 1563 1356 1618 (12)
1378 1565 1459 1618 περὶ
1479 1582 1541 1605 του
1558 1565 1655 1613 ὄντος
1674 1568 1723 1608 α’.

1290 1627 1355 1678 (13)
1376 1641 1456 1678 περι
1476 1641 1534 1665 του
1557 1625 1629 1671 ἑνὸς
1648 1624 1697 1667 α’.

1291 1685 1354 1738 (14)
1373 1685 1455 1738 περὶ
1474 1688 1534 1724 τοῦ
1555 1685 1719 1738 ἀορίστου
1749 1686 1795 1734 α’,
1814 1688 1863 1724 de
1881 1688 2031 1737 infinito
2050 1684 2153 1723 liber
2172 1697 2286 1723 unns.

1292 1744 1358 1797 (15)
1381 1744 1463 1798 περι
1483 1759 1544 1784 του
1569 1745 1751 1799 ἐλευθέρου
1773 1743 1818 1785 α’.

1289 1803 1353 1857 (le)
1374 1802 1456 1857 περὶ
1474 1802 1632 1844 ἑκουσίου
1655 1804 1705 1845 α’.

1291 1863 1354 1917 (17)
1374 1863 1456 1915 περὶ
1477 1866 1537 1902 τοῦ
1559 1863 1715 1903 ἐναντίου
1737 1862 1770 1901 α’
1796 1863 1841 1916 β.

1290 1923 1354 1974 (18)
1376 1922 1540 1963 ἐναντίων
1558 1922 1608 1962 α’

1291 1979 1353 2032 (ιο)
1378 1979 1460 2032 περι
1481 1979 1733 2030 διαστημάτων
1754 1980 1802 2019 α’.

1291 2039 1355 2089 (20)
1377 2037 1456 2090 περὶ
1476 2040 1585 2090 γενῶν
1607 2037 1668 2077 καὶ
1688 2039 1787 2077 ειδῶν
1809 2036 1857 2076 α’.

1289 2097 1352 2149 (31)
1376 2097 1457 2149 περὶ
1479 2097 1579 2135 εἰδῶν
1597 2095 1631 2135 α’
1637 2128 1646 2137 .

1288 2155 1356 2209 (22)
1378 2155 1460 2208 περὶ
1481 2157 1599 2209 ψυχῆς
1618 2154 1653 2194 α’
1672 2154 1719 2209 β’.

1284 2279 1342 2315 De
1359 2276 1482 2315 Rebus
1500 2291 1586 2328 quoe
1595 2278 1651 2314 ad
1663 2284 1823 2314 mentem
1842 2283 2014 2325 spectant
2034 2276 2117 2312 libri
2135 2282 2228 2312 octo.

1292 2334 1353 2389 (24)
1373 2336 1444 2374 τῶν
1461 2334 1543 2390 περὶ
1558 2335 1621 2382 τὴν
1643 2334 1797 2374 διάνοιαν
1818 2333 1910 2372 ἄλλα
1938 2332 2060 2385 βιὸλία
2082 2332 2158 2373 δύο.

1364 2397 1423 2434 De
1441 2395 1578 2434 eodem
1597 2402 1827 2446 argumento
1848 2393 1916 2432 alii
1938 2392 2035 2431 libri
2055 2393 2146 2431 duo.

1286 2454 1348 2507 (25)
1379 2453 1460 2506 περὶ
1480 2454 1581 2493 ἰδεῶν
1600 2451 1650 2502 α’,
1673 2455 1721 2491 de
1739 2455 1832 2491 ideis
1850 2451 1952 2491 liber
1976 2465 2092 2492 unus.

1285 2513 1352 2564 (26)
1374 2512 1455 2565 περὶ
1477 2512 1621 2564 μνήμης
1639 2513 1689 2553 α’.

1283 2570 1345 2622 (27)
1364 2570 1446 2624 περὶ
1466 2573 1535 2610 τῶν
1553 2572 1674 2611 παθῶν
1695 2571 1728 2609 α’

1285 2630 1346 2683 (28)
1369 2629 1451 2683 περὶ
1474 2629 1550 2682 βίου
1569 2629 1617 2671 α’.

1283 2688 1350 2746 (29)
1367 2689 1448 2742 περὶ
1469 2688 1618 2728 θανᾶτου
1642 2687 1690 2730 α’.

1497 2813 1568 2854 111.
1599 2813 1756 2866 Scripta
1792 2812 2007 2853 dialectica.

1280 2944 1345 2998 (30)
1367 2946 1430 2992 τῆς
1460 2943 1541 2999 περὶ
1572 2944 1612 2983 τὸ
1635 2944 1860 2997 διαλέγεσθαι
1883 2944 2127 2997 πραγματείας
2157 2943 2277 2996 βιὸλία

1225 3003 1282 3046 ιδ’.
1283 3004 1396 3057 μετὰ
1411 3019 1514 3044 τουτο
1533 3003 1655 3058 βιὸλία
1675 3002 1716 3043 ιε’
1727 3003 1823 3055 ,καὶ
1843 3002 1936 3042 ἄλλα
1958 3002 2081 3056 βι6λία
2103 3003 2166 3047 ις’.

1279 3042 1337 3104 1)6
1355 3064 1576 3104 disserendi
1594 3065 1747 3103 ratione
1766 3063 1864 3102 lib1i
1883 3062 1981 3112 XIV,
2002 3071 2092 3115 post
2118 3063 2201 3102 haec
2231 3064 2275 3102 li

1222 3122 1288 3164 bri
1315 3123 1383 3163 XV
1413 3133 1451 3163 et
1469 3123 1539 3163 alii
1571 3123 1674 3163 XVI.
1703 3123 1917 3163 Emendavi
1950 3123 2080 3161 locum
2111 3135 2133 3161 e
2157 3123 2277 3161 latina

1225 3184 1421 3224 Ambrosii
1442 3185 1782 3238 interpretatione.
1808 3183 1907 3223 Nam
1935 3191 2157 3236 corruptam
2188 3184 2276 3234 ple-

1229 3257 1445 3298 rorumque
1464 3245 1642 3285 codicum
1661 3245 1895 3297 scripturam
1915 3260 1976 3291 της
2002 3245 2082 3295 περὶ
2105 3242 2143 3280 τὸ
2164 3243 2277 3280 διαλέ-

1899 3299 2273 3355 μα’,,β’ν”ψμ’·

5 3451 11 3463 ,ἶ
110 3447 1383 3465 ῥ-ᾐ--Ἣῄ-

102 3483 246 3524 m
255 3491 425 3535 Ἀσσυθῖα,
455 3495 499 3531 ὡς
529 3493 726 3536 Ξενοκράτης
747 3494 779 3527 ἐν
805 3493 922 3537 πρώτῳ
939 3495 1101 3537 Χρονικῶν
1119 3511 1160 3519 -
1184 3496 1251 3538 (89)
1268 3495 1318 3528 Os.
1337 3492 1504 3529 fabricius.
1527 3495 1610 3529 Bibl.
1637 3497 1694 3529 Gr.
1715 3495 1781 3529 vol.
1803 3496 1862 3535 111,
1882 3502 1957 3536 pag.
1982 3494 2050 3525 193.
2070 3509 2106 3514 —
