2528 3788
269 220 320 259 '16
1221 217 1479 260 SPEUSIPPI

323 319 372 344 υ.
404 304 579 357 Φρόνησις
611 301 756 353 δύναμις
790 303 956 352 ποιητικὴ
993 304 1068 343 καθ’
1102 305 1207 353 αὑτὴν
1241 308 1303 352 τῆς

272 363 453 417 ἀνθρώπου
484 360 713 412 εὐδαιμονίας·
731 361 913 414 ἐπιστήμη
935 365 1072 415 ἀγαθῶν
1090 363 1148 402 καὶ
1180 367 1309 403 κακῶν·

271 424 418 466 διάθεσις
449 422 525 460 καθ’
558 421 601 468 ἣν
633 420 794 474 κρίνομεν
830 421 864 460 τί
899 421 1073 476 πρακτέον
1111 423 1168 462 καὶ
1202 423 1236 462 τί
1271 426 1308 463 οὗ

271 479 456 533 πρακτέον.
820 506 825 510 »

324 553 373 578 2³.
404 536 615 585 Δικαιοσύνη
648 537 791 589 ὁμόνοια
821 541 882 586 τῆς
916 541 1029 592 ψυχῆς
1049 540 1134 593 πρὸς
1167 540 1301 592 αὑτήν,

267 597 327 637 καὶ
359 595 498 640 εὐταξία
517 598 585 635 τῶν
618 599 678 644 τῆς
708 598 822 651 ψυχῆς
854 600 969 649 μερῶν
994 598 1082 651 πρὸς
1104 598 1242 647 ἄλληλά
1268 615 1305 637 τε

266 656 326 696 καὶ
353 654 432 707 περὶ
465 654 613 702 ἄλληλα·
646 655 713 700 ἕξις
742 656 972 709 διανεμητικὴ
1011 661 1070 696 τοῦ
1093 660 1172 697 κατ’
1207 656 1305 702 ἀξίαν

264 717 414 769 ἑκάστῳ·
437 713 503 759 ἕξις
531 717 608 754 καθ’
629 716 672 763 ἣν
701 718 719 755 ὁ
741 715 832 769 ἔχων
851 717 1091 771 προαιρετικός
1123 718 1199 757 ἐστι
1229 719 1299 755 τῶν

265 775 479 831 φαινομένων
504 775 599 827 αὐτῷ
629 774 784 814 δικαίων·
817 775 885 821 ἕξις
919 778 954 815 ἐν
985 776 1051 830 βίῳ
1082 775 1188 826 νόμου
1209 776 1300 823 ὑπή-

264 851 352 880 κοος·
373 837 490 883 ἰσότης
508 833 707 881 κοινωνική·
732 834 799 880 ἕξις
818 835 1015 887 ὑπηρετικὴ
1043 837 1150 888 ὀρθῶν
1172 834 1300 885 νόμων.

322 909 371 935 24.
403 893 618 948 Σωφροσύνη
651 892 835 944 μετριότης
859 897 919 941 τ’ῆς
939 896 1055 948 ψυχῆς
1081 893 1162 947 περὶ
1181 893 1240 937 τὰς
1269 896 1303 932 ἓν

265 956 354 1005 αὐτῇ
376 952 466 992 κατὰ
491 952 593 1006 φύσιν
612 951 817 1004 γιγνομένας
836 953 1019 1004 ἐπιθυμίας
1036 970 1073 993 τε
1090 953 1151 992 καὶ
1166 953 1302 1001 ἡδονάς·

264 1013 480 1065 εὐαρμοστία
509 1012 569 1051 καὶ
602 1011 743 1057 εὐταξία
760 1015 876 1065 ψυχῆς
894 1013 979 1064 πρὸς
998 1013 1060 1057 τὰς
1085 1013 1176 1052 κατὰ
1196 1013 1299 1066 φύσιν

262 1073 387 1122 ἡδονὰς
409 1072 469 1112 καὶ
496 1070 830 1124 λύπας··συμφωνία
861 1074 976 1124 ψυχῆς
1005 1072 1092 1124 πρὸς
1117 1071 1156 1109 τὸ
1181 1070 1300 1123 ἄρχειν

262 1133 322 1171 καὶ
343 1132 522 1185 ἄρχεσθαι·
542 1130 761 1182 αὖτοπραγία
778 1129 870 1168 κατὰ
887 1130 999 1183 φύσιν·
1014 1129 1154 1175 εὐταξία
1175 1132 1300 1182 ψυχῆς·

262 1191 441 1242 λογιστικὴ
474 1189 595 1241 ὁμιλία
634 1190 749 1241 ψυχῆς
777 1189 857 1240 περὶ
891 1190 1008 1228 καλῶν
1039 1188 1101 1227 καὶ
1133 1190 1300 1249 αἰσχρῶν·

264 1249 329 1295 ἕξις
349 1249 424 1288 καθ’
445 1250 487 1297 ἣν
506 1251 523 1286 ὃ
542 1247 634 1320 ἔχων
655 1246 860 1300 αἱρετικός’
846 1263 919 1286 εστι
938 1248 996 1286 καὶ
1013 1246 1235 1294 εὐλαὸητικὸς
1253 1250 1301 1285 ὡν

260 1308 346 1360 χρή·

315 1380 363 1406 25.
395 1365 531 1418 Ἀνδρία
551 1362 617 1408 ἕξις
637 1365 752 1416 ψυχῆς
779 1363 939 1412 ἀκίνητος
969 1364 1035 1402 υπὸ
1063 1363 1184 1416 φόὸου·
1213 1362 1301 1414 θάρ-

261 1441 318 1469 σος
338 1423 537 1475 πολεμικόν·
558 1421 735 1472 ἐπιστήμη
754 1423 822 1460 τῶν
840 1422 931 1461 κατὰ
951 1422 1104 1472 πόλεμον
1134 1422 1300 1475 πραγμά-

259 1499 340 1522 των·
373 1482 557 1535 ἐγκροίτεια
592 1483 710 1534 ψυχῆς
732 1479 817 1532 πρὸς
849 1481 892 1518 τὰ
926 1480 1060 1535 φοὸερὰ
1103 1481 1163 1519 καὶ
1192 1480 1299 1519 δεινοί·

1374 303 1551 358 θαρσαλέα
1582 303 1673 344 κατὰ
1698 306 1758 344 τὸν
1781 303 1879 358 ὀρθὸν
1907 304 2008 356 λόγον
2028 306 2231 359 φαινόμενα·
2251 307 2406 363 σωτηρία

1372 364 1554 416 δογμάτων
1575 363 1712 412 ἀδήλων
1740 363 1818 415 περὶ
1837 363 1881 403 τὰ
1902 363 2010 402 δεινοί·
2039 365 2203 419 ,ἐμπειρία
2234 366 2404 421 πολέμου·

1372 422 1439 468 ἕξις
1459 422 1673 474 ἐμμενητικὴ
1693 422 1814 474 νόμου.

1423 496 1469 522 26.
1499 482 1712 535 Ἐγκράτεια
1746 480 1891 533 δύναμις
1915 483 2154 534 ὖπομενητικὴ
2172 483 2296 533 λύπης·
2317 488 2404 527 ἀκο-

1369 541 1528 590 λούθησις
1561 545 1611 595 τῷ
1643 543 1732 595 ὀρθῷ
1761 543 1931 594 λογισμῷ·
1967 541 2110 592 δύναμις
2144 543 2406 597 ἀνυπέρὸλητος

1369 605 1429 640 τοῦ
1449 600 1703 654 ὑποληφθέντος
1718 604 1768 654 τῷ
1785 603 1875 654 ὀρθῷ
1892 603 2065 654 λογισμῷ.

1423 673 1474 700 27.
1507 658 1709 712 Αὐτάρκεια
1751 659 1924 707 τελειότης
1956 659 2112 707 κτήσεως
2150 660 2304 712 ἀγαθῶν·
2337 659 2405 708 ἕξις

1368 721 1443 758 καθ’
1464 719 1506 767 ἣν
1526 720 1557 758 οἳ
1577 717 1715 772 ἔχοντες
1737 719 1832 758 αὐτοὶ
1850 722 1964 759 αὑτῶν
1979 719 2164 773 ἄρχουσιν.

1421 792 1468 818 28.
1499 777 1694 818 Ἐπιείκεια
1724 779 1867 818 δικαίων
1888 779 1948 817 καὶ
1981 778 2226 831 συμφερόντων
2249 778 2406 819 ἐλάττω·-

1367 851 1430 880 σις·
1460 836 1642 890 μετριότης
1666 839 1700 876 ἓν
1725 837 1961 889 συμὸολαίοις·
1986 837 2125 883 εὐταξία
2144 837 2290 892 ψυχῆς-ὓ
2307 839 2404 892 λογι-

1367 898 1487 943 στικῆς
1503 896 1587 949 πρὸς
1605 896 1649 935 τὰ
1665 893 1757 935 καλὰ
1773 896 1833 935 καὶ
1855 895 1999 949 αἰσχρά.

1419 968 1469 994 29.
1503 953 1682 1007 Καρτερία
1714 954 1872 1006 ὑπομονὴ
1907 955 2022 1002 λύπης
2053 954 2153 994 ἕνεκα
2184 959 2246 995 τοῦ
2275 958 2400 996 καλοῦ·

1358 1013 1522 1065 ,ὑπομονὴ
1543 1014 1657 1052 πόνων
1677 1012 1778 1052 ἕνεκα
1800 1016 1861 1052 τοῦ
1881 1014 1999 1052 καλοῦ.

1418 1084 1467 1111 80.
1499 1072 1638 1125 Θάρσος
1656 1071 1870 1124 ἀπροσδοκία
1880 1076 2001 1111 κακοῦ·
2021 1072 2236 1122 ἀνεκπληξία
2249 1072 2306 1113 διὰ
2327 1089 2403 1115 κα·

1366 1133 1426 1168 κοῦ
1446 1130 1652 1181 παρουσίαν.

1418 1200 1467 1228 31.
1499 1187 1644 1227 Ἀλυπία
1661 1187 1729 1231 ἕξις
1742 1189 1821 1225 καθ’
1841 1187 1885 1234 ἣν
1907 1188 2131 1238 ἀνέμπτωτοί
2150 1190 2255 1240 ἔσμεν
2270 1191 2320 1235 εἷς
2337 1190 2405 1230 λύ-

1364 1261 1446 1290 πας.

1419 1318 1467 1344 82.
1500 1305 1696 1344 Φιλοπονία
1715 1304 1782 1349 ἕξις
1811 1305 2062 1354 ἀποτελεστικὴ
2082 1300 2121 1344 οῧ
2141 1306 2183 1345 ἂν
2199 1301 2405 1358 προέληται·

1363 1362 1528 1416 καρτερία
1546 1363 1713 1407 ἑκούσιος·
1733 1362 1799 1408 ἕξις
1819 1363 2030 1411 ἀδιάὸλητος
2045 1364 2131 1418 πρὸς
2148 1364 2267 1404 πόνον.
2305 1381 2309 1386 ’

1418 1436 1467 1462 33.
1499 1420 1614 1467 Αἰδὼς
1633 1422 1838 1472 τολμήσεως
1860 1422 2082 1476 ὑποχώρησις
2100 1423 2242 1464 ἑκουσία
2263 1424 2404 1470 δικαίως

1364 1481 1422 1519 καὶ
1443 1481 1526 1534 πρὸς
1551 1481 1590 1520 τὸ
1618 1480 1798 1533 βέλτιστον
1819 1481 1940 1534 φανέν·
1972 1480 2161 1530 καταλαὸὴ
2185 1481 2326 1523 ἑκουσία
2341 1486 2403 1524 τοῦ

259 1544 377 1593 τόλμα
414 1540 606 1593 ὑπηρετικὴ
634 1538 843 1591 φρονήσεως·
877 1539 1042 1592 εὖθαρσία
1075 1538 1133 1578 ἐπὶ
1153 1538 1299 1577 θανάτου
1367 1539 1559 1592 βελτίστου·
1576 1539 1741 1579 εὐλᾶὅεια
1760 1542 1860 1592 ὀρθοῦ
1880 1539 2006 1593 ψόγουὲ

258 1601 460 1654 προσδοκίᾳ·
479 1600 544 1645 ἕξις
567 1598 822 1651 διαφυλακτικὴ
846 1600 1023 1650 λογισμῶν
1041 1600 1150 1651 ὀρθῶν
1172 1599 1206 1636 ἐν
1227 1612 1300 1636 κιν-

1417 1612 1465 1639 34.
1497 1599 1702 1652 Ἐλευθερία
1744 1598 1912 1651 ἡγεμονία
1956 1599 2043 1651 βίου·
2075 1600 2305 1652 αὖτοκροίτεια
2345 1602 2403 1642 ἐπὶ

259 1660 378 1704 δύνοις·
401 1659 502 1713 ῥώμη
536 1658 621 1710 πρὸς
639 1657 792 1697 κίνδυνον
814 1658 1031 1710 ἀντίῤῥοπος·
1052 1658 1154 1710 ῥώμη
1175 1672 1297 1709 καρτε·
1327 1658 1333 1701 ί
1362 1657 1479 1696 παντί·
1515 1657 1651 1702 ἐξουσία
1679 1661 1740 1696 τοῦ
1767 1659 1846 1696 καθ’
1865 1657 1986 1695 ἑαυτὸν
2011 1659 2046 1696 ἐν
2083 1658 2160 1711 βίῳ·
2195 1660 2334 1713 ἀφειδία
2366 1663 2401 1700 ἐν

261 1719 339 1770 ρικὴ
360 1719 444 1771 πρὸς
480 1717 621 1770 ἀρετήν·

258 1903 354 1935 sectio
373 1902 503 1943 propter
525 1909 626 1941 quam
650 1899 685 1931 id
709 1898 799 1940 quod
822 1899 869 1931 ita
892 1899 1052 1931 affectum
1077 1900 1149 1940 est,
1167 1899 1298 1931 omnino

257 1963 431 1995 honestum
444 1961 586 1993 dicitur:
602 1959 734 1992 habitus
747 1959 789 1991 ad
806 1959 1039 2001 rempublicam
1058 1959 1152 1991 bonis
1170 1959 1298 2001 legibus

256 2019 500 2063 temperandam
516 2017 794 2052 accommodatus.

301 2084 350 2112 22.
372 2077 549 2111 Prudentia
560 2086 621 2119 per
643 2085 678 2110 se
695 2076 767 2118 ipsa
782 2077 834 2109 est
852 2076 988 2108 facultas
1002 2075 1154 2108 hnmanae
1169 2075 1302 2109 felicita-

256 2139 299 2171 tis
317 2137 524 2180 procreandae
543 2136 703 2169 :scientia
721 2135 884 2167 bonorum
904 2136 937 2167 et
959 2135 1120 2167 malorum
1141 2147 1147 2166 z
1169 2134 1300 2167 affectio

256 2207 297 2230 ex
308 2206 373 2238 qua
388 2195 584 2237 judicamus,
605 2193 685 2235 quid
700 2193 889 2226 faciendum
907 2194 947 2225 sit
964 2195 997 2226 et
1009 2194 1088 2235 quid
1104 2202 1169 2226 non
1183 2193 1301 2225 facien-

257 2257 345 2288 dum.
1282 2244 1296 2257 ⁹

299 2319 348 2347 23.
364 2313 496 2347 Justitia
510 2313 562 2345 est
577 2312 693 2344 animae
712 2319 786 2344 cum
801 2319 836 2344 se
855 2310 926 2352 ipsa
946 2311 1119 2343 concordia
1132 2312 1164 2343 et
1185 2310 1301 2342 animae

256 2374 397 2415 partium
414 2373 499 2405 inter
512 2381 548 2404 se
568 2381 606 2404 ac
625 2371 712 2403 circa
732 2380 767 2403 se
793 2371 879 2404 bona
906 2370 1098 2412 compositio
1126 2382 1135 2402 ι
1161 2370 1294 2404 habitus

259 2441 354 2464 suum
372 2431 492 2472 cuique
513 2439 571 2471 pro
595 2429 753 2471 dignitate
777 2428 922 2460 tribuens
946 2439 955 2460 z
974 2427 1130 2468 habitus,
1147 2437 1212 2469 quo
1238 2430 1296 2469 qui

259 2501 334 2524 eum
352 2490 436 2532 gerit
459 2488 669 2530 amplectitur
687 2489 786 2528 atque
809 2487 897 2529 eligit
915 2496 953 2520 ea
971 2494 1047 2528 quae
1068 2487 1131 2529 ipsi
1140 2487 1230 2528 justa
1247 2487 1299 2519 vi-

258 2550 374 2582 dentur
400 2557 408 2576 ³
436 2547 567 2580 habitus
583 2547 616 2578 in
639 2546 706 2578 vita
734 2545 797 2587 legi
822 2546 1050 2587 obtemperans
1070 2557 1078 2578 ι
1099 2545 1227 2578 socialis
1253 2554 1299 2578 aa·

257 2607 395 2649 qualitas
417 2616 425 2634 ε
444 2605 577 2638 habitus
593 2604 692 2637 rectis
709 2604 836 2646 legibus
857 2613 988 2646 parens.

299 2668 349 2698 24.
375 2663 601 2706 Temperantia
622 2664 672 2695 est
683 2662 863 2695 moderatio
879 2662 978 2695 animi
999 2663 1086 2695 circa
1107 2662 1301 2704 cupiditates

256 2727 289 2758 et
306 2724 490 2766 voluptates
506 2731 582 2763 quae
602 2722 635 2754 in
657 2722 728 2763 ipso
748 2721 927 2755 secundum
951 2722 1103 2754 naturam
1128 2722 1297 2755 insident·

257 2783 481 2817 convenientia
493 2790 530 2813 ac
553 2781 638 2813 bona
662 2780 763 2812 animi
783 2779 973 2821 compositio
992 2781 1034 2812 ad
1054 2781 1218 2814 naturales
1242 2790 1300 2813 vo-

257 2843 398 2886 luptates
428 2843 462 2873 et
483 2840 614 2872 dolores
636 2852 642 2870 z
664 2838 863 2880 conspiratio
890 2838 987 2871 animi
1013 2839 1054 2872 ad
1076 2840 1300 2881 imperandum

257 2903 291 2934 et
306 2898 487 2941 parendum
505 2906 512 2924 τ
532 2898 710 2938 spontanea
723 2895 901 2928 secundum
916 2897 1065 2928 naturam
1083 2896 1166 2928 actio
1191 2910 1198 2929 :
1219 2905 1299 2928 con-

256 2958 392 2992 tinentia
409 2956 507 2989 animi
529 2969 536 2988 :
555 2964 663 2987 sermo
679 2953 779 2986 animi
793 2953 833 2986 de
856 2954 1000 2986 honestis
1015 2962 1053 2986 ac
1068 2955 1220 2996 turpibus
1242 2955 1298 2995 ju-

257 3016 396 3050 dicantis
427 3029 434 3047 :
454 3014 605 3054 habitus,
624 3022 690 3055 quo
709 3013 764 3053 qui
790 3021 867 3045 eum
891 3012 971 3054 gerit
994 3012 1081 3054 eligit
1104 3014 1138 3046 et
1158 3014 1240 3047 vitat
1262 3024 1301 3048 ea

257 3085 331 3118 quae
350 3075 488 3116 oportet.

300 3138 351 3166 25.
368 3131 539 3165 Fortitudo
553 3131 603 3163 est
615 3129 714 3163 animi
729 3129 860 3162 habitus
873 3129 929 3171 qui
940 3130 1031 3162 metu
1048 3139 1113 3162 non
1129 3131 1298 3164 afficitur:

259 3190 455 3225 confidentia
474 3189 624 3223 militaris
645 3200 653 3220 z
674 3188 722 3220 rei
750 3188 876 3220 bellicae
892 3188 1051 3221 scientia:
1072 3189 1172 3221 animi
1194 3190 1298 3222 conti-

259 3251 369 3285 nentia
390 3251 425 3283 in
441 3250 540 3283 rebus
562 3249 732 3282 horrendis
751 3250 785 3281 et
806 3249 1025 3282 formidolosis
1052 3261 1060 3282 :
1079 3250 1215 3284 audacia
1234 3260 1299 3284 ser-

260 3310 351 3343 vieus
359 3307 561 3351 prudentiae:
580 3306 700 3340 fiducia
714 3306 749 3339 in
761 3306 877 3339 mortis
893 3307 1132 3349 exspectatione
1150 3308 1300 3342 :habitus

650 1717 779 1769 ἠρεμία
808 1718 922 1769 ψυχῆς
942 1718 1022 1768 περὶ
1057 1715 1102 1754 τὰ
1126 1716 1219 1753 δεινὰ
1240 1714 1296 1753 καὶ
1326 1717 1332 1757 Ι
1361 1714 1486 1768 χρήσει
1506 1716 1565 1754 καὶ
1585 1717 1619 1753 ἐν
1650 1716 1772 1762 κτήσει
1792 1714 1920 1758 οὐσίας.

1361 1896 1448 1929 circa
1461 1905 1500 1930 ea
1513 1906 1586 1938 quae
1597 1897 1805 1931 formidolosa
1817 1899 1851 1931 et
1863 1898 2013 1931 audenda
2022 1899 2204 1933 secundum
2217 1901 2342 1935 rectam
2355 1910 2406 1935 ra·

1360 1955 1482 1988 tionem
1498 1954 1652 1987 videntur
1666 1968 1674 1987 ε
1690 1955 1861 1988 dubiarum
1873 1955 1915 1989 de
1934 1956 2033 1989 rebus
2044 1955 2262 1990 formidolosis
2274 1959 2403 1992 senten-

1359 2013 1479 2046 tiarum
1493 2013 1695 2046 conservatio
1712 2025 1720 2046 ι
1739 2013 1815 2046 belli
1831 2014 1949 2055 peritia
1965 2014 2120 2048 :habitus
2134 2016 2242 2058 legem
2255 2024 2401 2050 servans.

1402 2075 1452 2103 26.
1470 2069 1677 2103 Continentia
1701 2073 1752 2103 est
1768 2070 1948 2104 sustinendi
1973 2071 2096 2106 doloris
2122 2072 2299 2108 facultas:
2322 2076 2404 2109 recti

1361 2129 1486 2162 consilii
1500 2139 1640 2163 comes:
1658 2131 1798 2166 facultas
1823 2130 2090 2174 inexsuperabilis
2109 2132 2182 2174 ejus
2199 2134 2290 2203 quod
2309 2137 2402 2168 recta

1360 2188 1484 2221 ratione
1505 2188 1700 2221 continetur.

1402 2248 1453 2281 27.
1483 2246 1620 2280 Animus
1637 2255 1697 2280 sua
1717 2248 1804 2280 sorte
1823 2249 1994 2280 contentus
2021 2249 2178 2290 perfectio
2194 2251 2246 2283 est
2267 2259 2400 2293 posscs-

1360 2305 1460 2338 sionis
1475 2305 1665 2338 bonorum:
1685 2306 1829 2347 habitus,
1853 2315 1919 2347 quo
1940 2307 1996 2348 qui
2011 2316 2087 2340 eum
2102 2309 2222 2350 gerunt
2234 2308 2298 2351 ipsi
2316 2310 2398 2343 sibi-

1359 2365 1448 2398 met
1440 2365 1518 2406 ipsis
1538 2366 1711 2407 imperant.
2178 2393 2181 2396 Α

1401 2427 1452 2457 28.
1469 2423 1618 2465 AEquitas
1635 2424 1706 2458 est·
1694 2423 1777 2466 Juris
1789 2425 1822 2457 et
1838 2424 2083 2458 commodorum
2096 2411 2307 2460 imminutio·
2325 2436 2400 2461 mo-

1358 2485 1500 2517 deratio
1490 2495 1524 2517 ιιι
1531 2485 1735 2527 negotiorum
1743 2485 1844 2518 contr
1846 2485 1986 2518 ictibus:
1997 2486 2083 2519 bona
2094 2486 2286 2546 cmupositio
2297 2488 2397 2535 animi

1359 2543 1483 2576 ratione
1500 2543 1630 2585 praediti
1643 2543 1685 2576 ad
1695 2543 1832 2576 honesta
1851 2546 1884 2576 et
1902 2544 2021 2585 turpia.

1401 2605 1450 2635 29.
1468 2602 1564 2635 Tole1
1565 2602 1653 2635 antia
1670 2602 1720 2635 est
1734 2602 1855 2635 doloris
1873 2603 1915 2635 ob
1940 2602 2115 2636 honestum
2131 2603 2320 2646 perpessio:
2343 2605 2395 2638 la-

1360 2664 1476 2697 borum
1495 2665 1626 2705 propter
1640 2663 1845 2697 honestatem
1859 2663 2024 2705 patientia.
2184 2672 2186 2675 ’

1402 2725 1452 2756 30.
1477 2722 1681 2755 confidentia
1705 2723 1756 2755 est
1783 2722 1906 2755 malum
1930 2731 1994 2755 non
2006 2722 2254 2782 exspectantis·-
2270 2722 2398 2756 animus

1359 2781 1508 2823 praesenti
1524 2782 1608 2814 malo
1623 2790 1687 2813 non
1701 2781 1921 2822 perturbatus.
2190 2790 2191 2793 ¹

1401 2839 1650 2873 31.1ndolentia
1666 2840 1717 2873 est
1727 2839 1882 2880 habitus,
1897 2841 2031 2881 propter
2043 2847 2142 2880 quem
2157 2838 2320 2874 molestiis
2332 2848 2397 2872 non

1358 2899 1573 2941 implicamur.

1400 2961 1449 2991 32.
1467 2958 1630 2990 Industria
1644 2959 1695 2991 est
1707 2956 1840 2990 habitus
1863 2957 1935 2998 ejus
1955 2956 2012 2998 qui
2026 2955 2229 2998 propositum
2248 2957 2394 3000 peragit·

1359 3017 1530 3050 tolerantia
1546 3015 1751 3049 voluntaria:
1766 3015 1929 3056 inculpata
1940 3014 2092 3048 laborum
2106 3014 2390 3077 suscipiendorum

1360 3075 1506 3108 facilitas

1400 3136 1450 3166 33.
1472 3132 1586 3165 Pudor
1613 3131 1763 3165 audaciae
1782 3139 1930 3164 recessus
1957 3128 2163 3163 voluntarius
2178 3130 2267 3173 juste
2293 3131 2329 3164 et
2351 3130 2395 3163 ad

1358 3191 1391 3224 id
1405 3191 1494 3233 quod
1507 3191 1665 3233 optimum
1680 3191 1790 3223 visum
1811 3190 1862 3222 est
1879 3198 1887 3217 ε
1909 3188 2124 3231 deprehensio
2136 3188 2252 3231 optimi
2270 3189 2388 3222 volun-

1362 3250 1446 3283 taria
1461 3263 1470 3283 ε
1489 3252 1586 3283 cauta
1599 3250 1698 3292 justae
1711 3247 1959 3290 vituperationis
1974 3247 2101 3281 vitatio.

1399 3311 1450 3342 34.
1467 3309 1614 3342 Libertas
1630 3310 1681 3342 est
1704 3309 1801 3350 caput
1833 3307 1911 3340 vitae
1932 3316 1940 3335 τ
1969 3315 2095 3340 summa
2115 3306 2262 3340 omnium
2275 3312 2389 3339 rerum

261 3369 425 3400 rectorum
447 3366 654 3399 consiliorum
670 3365 706 3398 in
723 3365 875 3406 periculis
891 3366 991 3398 tenax
1007 3375 1015 3395 :
1034 3365 1135 3398 robur
1157 3366 1299 3408 periculo
1358 3368 1502 3409 potestas
1519 3376 1528 3396 ι
1544 3367 1673 3400 licentia
1691 3376 1750 3410 per
1762 3375 1798 3400 se
1813 3365 1952 3399 faciendi
1968 3366 2056 3407 quod
2073 3365 2236 3407 quisvelit
2247 3365 2281 3398 in
2301 3365 2390 3399 vita:

260 3433 319 3466 par
339 3436 347 3456 :
366 3424 464 3456 robur
478 3423 609 3456 virtut-is
624 3431 725 3464 capax
750 3425 782 3456 et
802 3423 947 3465 patiens:
966 3424 1065 3456 animi
1080 3426 1298 3465 tranquillitas
1359 3426 1486 3458 sublata
1507 3426 1701 3468 parsimonia
1716 3426 1750 3458 in
1765 3434 1825 3458 usu
1848 3426 1881 3458 et
1896 3425 2101 3467 possessione
2120 3425 2288 3458 bonorum.
