2528 3788
301 273 378 311 146

300 359 403 399 ἄλλου
420 356 584 409 τριγώνου
606 356 758 407 μείζονος
786 356 846 394 καὶ
861 361 960 396 τοῦτο
978 357 1195 410 περιέχοντος
1215 356 1325 403 αὐξή-

297 432 418 460 σαντες
432 415 510 459 τοὺς
534 413 716 467 ἀριθμούς,
737 414 998 469 παρεμβάλλειν
1019 414 1080 459 τὰς
1096 415 1155 454 δύο
1175 415 1325 466 μεσότη-

295 492 355 520 τας
377 475 480 514 πάλιν
509 474 649 525 ὁμοίως,
669 473 776 525 χωρὶς
797 474 859 524 μὲν
881 474 959 518 τοὺς
979 474 1199 522 διπλασίους,
1218 475 1325 527 χωρὶς

296 534 331 574 δὲ
349 534 424 577 τοὺς
439 532 662 586 τριπλασίους
682 532 866 583 τάξαντες,
888 533 944 571 ἐπὶ
962 533 997 572 δὲ
1013 535 1076 580 τῆς
1094 548 1244 586 κορυφης
1263 532 1325 580 τὴν

293 593 377 650 μίαν
399 598 539 644 μοῖραν,
571 591 629 630 ἔπι
659 592 695 630 δὲ
717 591 834 644 τρίτου
861 591 1030 644 τριγώνου
1053 591 1113 630 καὶ
1145 593 1325 646 ἀμφότερα

292 655 402 690 ταῦτα
442 651 759 703 περιλαμὸάνοντος
793 649 872 689 ὅλον
904 650 1138 704 καταγράφειν
1173 652 1212 690 τὸ
1249 653 1321 691 διά-

292 726 440 763 γραμμα
462 710 518 748 τὸν
552 710 654 748 αὐτὸν
675 709 814 762 τρόπον.
851 709 925 749 Καὶ
952 710 1057 754 οὕτως
1089 713 1106 749 ὁ
1135 709 1326 762 Ἄδραστος

292 769 494 816 πεποίηκεν.
522 769 617 807 Inde
635 769 775 818 colligo
794 769 1019 808 Crantorem
1040 769 1103 817 τὴν
1123 771 1190 808 τῶν
1213 786 1322 820 μεσοο

293 828 404 875 τήτων
420 827 626 880 παρένταξιν
650 827 703 865 ita
727 828 953 874 instituisse,
978 837 1021 867 ut
1049 829 1324 868 arithmeticam

292 887 529 926 medietatem
564 887 665 925 inter
693 887 770 930 τοὺς
806 887 1006 930 διπλασίους
1020 917 1029 934 ,
1066 887 1325 926 harmonicam

292 947 390 983 inter
425 944 500 988 τοὺς
538 945 759 996 τριπλασίους
797 946 1041 996 interjiceret.
1080 947 1132 983 De
1174 947 1324 997 reliquo

291 1004 472 1042 credibile
490 1014 569 1052 est,
586 1005 626 1041 in
641 1005 811 1042 secundo
831 1005 1024 1055 triangulo
1044 1018 1223 1043 numeros
1242 1019 1324 1043 esse

290 1063 515 1112 duplicatos.
556 1062 682 1108 Quare
714 1063 827 1100 talem
861 1064 1017 1103 formam
1059 1064 1323 1113 geometricam

290 1120 498 1170 descripsi,
514 1120 554 1157 in
572 1134 648 1171 qua
668 1129 792 1158 tamen
807 1121 957 1159 tertium
982 1122 1217 1171 triangulum
1236 1121 1322 1159 bre-

289 1178 413 1215 vitatis
435 1190 548 1216 causa
572 1179 751 1217 omissum
772 1188 839 1218 est.
868 1179 1000 1231 Neque
1019 1181 1118 1218 enim
1136 1181 1263 1218 omnia
1283 1181 1322 1217 in

290 1243 393 1273 tanta
406 1249 533 1274 rerum
551 1237 782 1275 obscuritate
797 1238 844 1276 ad
861 1239 989 1276 vivum
1003 1252 1170 1276 resecare
1185 1239 1319 1288 volui.)

335 2287 365 2312 8.
397 2275 448 2312 Τὸ
472 2274 534 2324 μὲν
560 2269 617 2314 οὖν
636 2277 751 2328 ἀλγεῖν
772 2277 831 2316 καὶ
853 2278 1062 2328 δάκνεσθαι,
1088 2281 1317 2328 τελευτήσαν-

283 2345 336 2373 τος
350 2332 421 2369 υἳου
434 2332 651 2385 ,φυσικὴν”
633 2349 706 2386 εχει
723 2334 786 2381 τὴν
807 2334 920 2388 ἀρχὴν
942 2339 1002 2384 τ’ἥς
1021 2309 1152 2386 λύπης,
1172 2340 1231 2378 καὶ
1252 2342 1314 2379 οὐκ

283 2389 336 2440 ἐφ’
357 2389 456 2437 ἡμῖν.
485 2392 537 2430 Οὔ
560 2391 627 2443 γὰρ
652 2391 761 2445 ἔγωγε
784 2394 1003 2448 συμφέρομαι
1031 2399 1100 2440 τοῖς
1116 2396 1221 2444 τὴν”
1198 2414 1314 2451 αγριον

283 2448 428 2496 ὖμνουσι
451 2465 511 2487 και
529 2450 681 2502 σκληρὰν
712 2452 902 2502 ἀπάθειαν,
925 2452 989 2498 ἔξω
1010 2470 1070 2492 και
1089 2471 1149 2494 του
1170 2458 1314 2496 δυνατοῦ

283 2506 342 2543 καὶ
362 2521 422 2544 του
445 2507 676 2560 συμφέροντος
701 2505 822 2550 ουσαν.
850 2511 1095 2565 Ἀφαιρήσεται
1121 2514 1188 2566 γὰρ
1213 2519 1314 2566 ἡμῶν

283 2564 371 2611 αὕτη
399 2564 461 2611 τὴν
492 2566 530 2603 ἐκ
561 2569 619 2604 τοῦ
649 2569 818 2619 φιλεῖσθαι
845 2570 903 2609 καὶ
937 2574 1046 2624 φιλεῖν
1078 2571 1232 2622 εὔνοιαν,
1270 2576 1313 2623 ἣν

282 2622 408 2665 παντὸς
437 2624 568 2672 μᾶλλον
600 2625 777 2671 διασώζειν
805 2628 1006 2679 ἀναγκαῖον.
1087 2632 1138 2670 Ιὸ
1167 2632 1202 2672 δὲ
1224 2633 1312 2686 πέρα

281 2695 341 2718 του
370 2680 494 2732 μέτρου
525 2681 801 2735 παρεκφέρεσθαι
828 2687 886 2724 καὶ
917 2689 1093 2734 συναύξειν
1115 2690 1160 2728 τὰ
1181 2690 1310 2765 πένθη,

281 2737 379 2790 παρὰ
409 2738 509 2791 φύσιν
537 2733 625 2778 εἷναί
653 2757 763 2794 φημι,
787 2744 885 2782 καὶ
873 2746 939 2784 υπὸ
960 2763 1021 2794 της
1047 2750 1080 2787 ἐν
1104 2752 1190 2800 ἡμῖν
1222 2752 1309 2803 φαύ-

279 2795 342 2842 λης
364 2795 516 2845 γίνεσθαι
535 2797 648 2845 δόξης.
724 2801 786 2838 Διὸ
810 2802 868 2840 καὶ
894 2808 993 2843 τοῦτο
1023 2806 1087 2856 μὲν
1106 2808 1244 2858 ἐατέον,
1265 2813 1310 2854 ὡς

283 2853 451 2906 βλαὸερὸν
469 2856 527 2893 καὶ
547 2858 692 2908 φαῦλον,
712 2860 771 2897 καὶ
788 2863 983 2907 σπουδαίοις
1004 2866 1166 2917 ἀνδράσιν
1183 2868 1307 2914 ἥκιστα

319 3003 347 3032 8.
369 3001 442 3033 Jam
467 3010 507 3035 ex
525 3005 582 3039 filii
607 3006 712 3037 morte
729 3007 828 3040 animi
849 3008 991 3042 dolorem
1020 3014 1309 3058 aegritudinemque

276 3066 409 3099 capere,
427 3068 480 3092 res
496 3068 547 3093 est
564 3061 651 3102 talis,
669 3072 743 3104 quae
770 3073 789 3096 a
806 3067 945 3099 naturali
969 3070 1113 3110 profecta
1139 3074 1308 3116 principio,

275 3123 340 3147 non
360 3116 448 3149 sitm
464 3120 577 3151 nostra
593 3121 764 3160 potestate.
808 3124 878 3156 Non
901 3125 986 3158 enim
1004 3127 1044 3160 iis
1058 3131 1228 3172 assentior,
1251 3133 1309 3174 qui

275 3174 448 3207 immanem
478 3176 657 3218 duramque
688 3178 895 3214 indolentiam
927 3182 1068 3226 laudant,
1102 3197 1176 3228 quae
1204 3199 1308 3232 neque

275 3233 459 3274 contingere
487 3235 581 3268 nobis
606 3245 710 3277 neque
732 3239 886 3279 prodesse
920 3243 1037 3282 potest
1083 3246 1205 3287 Eripiet
1223 3249 1307 3281 enim

273 3290 365 3323 nobis
382 3292 446 3324 ista
460 3292 548 3325 illam
573 3303 671 3335 quam
686 3298 870 3329 conservari
891 3300 1030 3333 maxime
1048 3305 1176 3343 oportet
1199 3314 1216 3337 e
1236 3315 1307 3339 mu—

273 3351 330 3382 tuo
344 3359 454 3383 amore
478 3353 583 3384 ortam
603 3352 872 3389 benevolentiam.
931 3359 1068 3392 Moerore
1087 3363 1196 3394 autem
1221 3364 1306 3397 ultra

272 3407 405 3440 modum
423 3408 510 3443 affici
537 3411 570 3443 et
594 3410 691 3444 nimis
716 3421 833 3454 augere
865 3414 988 3447 luctum
1017 3418 1131 3450 contra
1155 3421 1305 3454 naturam

272 3474 343 3499 esse
359 3466 498 3506 ami-mm
530 3470 562 3501 et
584 3478 625 3501 ex
649 3478 750 3511 prava
776 3471 875 3505 animi
902 3475 1009 3508 nostri
1034 3476 1182 3517 opinione
1201 3480 1301 3518 nasci,

1218 268 1501 310 CRANTORIS

1386 356 1527 409 πρέπον·
1559 355 1621 403 τὴν
1642 357 1676 394 δὲ
1708 355 1979 408 μετριοπάθειαν
2010 359 2071 396 οὐκ
2103 358 2416 410 ἀποδοκιμαστέον.

1385 413 1448 459 Μὴ
1468 413 1535 466 γὰρ
1565 421 1723 463 νοσοῖμεν
1736 442 1746 461 ,
1769 414 1871 465 φησὶν
1907 416 1924 451 ὁ
1943 413 2201 466 Ἀκαδημαϊκὸς
2222 417 2416 469 Κράντωρ,

1384 472 1551 519 νοσήσασι
1568 472 1602 511 δὲ
1624 473 1750 525 παρείη
1770 488 1821 516 τις
1839 471 2016 522 αἴσθησις,
2039 473 2100 512 εἴτ’
2123 468 2180 512 οἶν
2205 475 2364 526 τέμνοιτό
2383 491 2418 515 τι

1385 534 1453 570 τῶν
1487 531 1686 584 ἡμετέρων,
1719 531 1781 571 εἴτ’
1813 533 2018 584 ἀποσπῷτο.
2056 532 2109 571 Τὸ
2139 532 2206 585 γὰρ
2245 534 2417 575 ἀνώδυνον

1384 593 1487 629 τοῦτο
1519 593 1582 630 οὐκ
1603 591 1682 629 ἄνευ
1717 590 1878 643 μεγάλων
1909 591 2081 641 ἐγγίνεται
2116 595 2248 641 μισθῶν
2277 595 2327 647 τῷ
2360 595 2420 632 ἀν-

1385 647 1526 702 θρώπῳ.
1544 651 1784 702 Τεθηριῶσθαι
1803 648 1871 702 γὰρ
1891 649 1994 698 εἰκός,
2013 651 2085 687 ἐκεῖ
2099 649 2160 699 μὲν
2180 652 2284 700 σῶμα
2299 655 2412 691 τοιοῦ-

1383 722 1461 756 τον,
1486 710 1630 747 ἐνταῦθα
1651 708 1687 747 δὲ
1703 708 1833 761 ψυχήν.

1440 768 1693 818 (Plutarchus
1713 768 1868 806 consol.
1888 768 1935 806 ad
1956 768 2088 819 Apoll.
2110 768 2195 808 Vol.
2217 769 2305 818 vll,
2327 782 2415 823 pag.

1386 826 1458 873 317
1479 839 1557 877 seq.
1588 827 1647 866 ed.
1684 827 1841 866 Hutten.
1867 827 2070 865 Verissime
2102 828 2257 879 quidem
2270 828 2420 880 judicat

1385 885 1562 932 Crantor,
1585 886 1651 924 sed
1683 900 1705 924 a
1730 887 1924 938 plerisque
1950 886 2188 939 philosophis
2212 887 2285 926 hac
2311 888 2352 928 in
2378 902 2421 927 re

1385 943 1568 983 dissentit.
1597 944 1874 996 Interpretatus
1901 953 1957 983 est
1988 944 2091 983 hunc
2120 946 2249 985 locum
2282 946 2419 985 Cicero

1392 1002 1499 1041 susc.
1522 1002 1622 1055 disp.
1640 1003 1712 1050 Ill,
1734 1004 1772 1048 6,
1802 1004 1915 1054 cujus
1933 1003 2054 1042 verba
2072 1013 2163 1043 sunt
2182 1019 2192 1043 :
2219 1003 2236 1040 «⁴
2258 1004 2336 1044 Nec
2355 1006 2420 1045 ab·

1384 1062 1498 1099 surde
1521 1061 1684 1100 Crantor
1710 1063 1791 1109 ille,
1826 1063 1951 1113 quiin
1978 1072 2111 1101 nostra
2138 1065 2340 1103 Academia
2358 1066 2418 1103 vel

1384 1120 1571 1171 imprimis
1592 1120 1662 1158 fuit
1685 1119 1826 1158 nobilis
1852 1135 1860 1157 z
1884 1125 2049 1166 minime,
2069 1121 2214 1172 inquit,
2236 1128 2420 1171 ass-endor

1384 1183 1443 1225 iis,
1462 1184 1525 1228 qui
1539 1184 1648 1216 istam
1665 1184 1789 1217 nescio
1805 1194 1916 1229 quam
1934 1182 2177 1218 indolentiam
2191 1191 2420 1233 magnopere
2465 1224 2467 1226 ,

1384 1240 1555 1284 laudant,
1577 1252 1662 1287 quoe
1679 1251 1747 1274 nec
1766 1247 1889 1287 potest
1915 1240 1994 1275 ulla
2013 1252 2090 1276 esse
2115 1252 2182 1276 nec
2209 1239 2334 1279 debet.
2355 1241 2417 1279 Ne

1382 1305 1542 1346 oegrotus
1558 1301 1649 1340 sim;
1672 1297 1741 1332 sed
1753 1299 1784 1331 si
1794 1295 1940 1342 fuerim
1951 1325 1964 1342 ,
1985 1310 2113 1334 sensus
2130 1298 2246 1344 adsit,
2266 1301 2349 1335 sive
2362 1312 2419 1336 se-

1380 1363 1482 1390 cetur
1498 1356 1602 1403 quid,
1633 1357 1713 1390 sive
1731 1356 1922 1390 avellatur
1947 1368 1973 1390 a
1997 1368 2162 1402 corpore.
2186 1357 2288 1393 Nam
2320 1359 2421 1394 istud

1380 1412 1481 1448 nihil
1509 1414 1632 1449 dolere
1651 1425 1725 1449 non
1747 1416 1825 1449 sine
1853 1426 1995 1463 magna
2022 1415 2190 1451 mercede
2217 1418 2418 1464 contingit,

1382 1473 1630 1507 immanitatis
1643 1475 1680 1506 in
1699 1474 1838 1516 animo,
1860 1474 2017 1520 stuporis
2032 1474 2070 1507 in
2090 1484 2252 1522 corpore.
2271 1489 2287 1507 υ
2301 1471 2418 1512 Cran-

1380 1528 1474 1566 toris
1495 1529 1719 1566 sententiam
1738 1529 1969 1580 approbavit
1988 1528 2147 1578 Seneca,
2169 1527 2290 1582 quiin
2308 1531 2417 1571 Con—

1379 1585 1452 1625 sol.
1492 1587 1539 1624 ad
1568 1588 1743 1625 Helviam
1776 1600 1859 1638 cap.
1901 1603 1915 1625 1
1951 1589 2079 1626 omnia
2118 1589 2416 1630 clarissimorum

1378 1645 1623 1694 ingeniorum
1655 1654 1903 1683 monumenta
1931 1646 1977 1684 ad
2001 1648 2301 1698 compescendos
2324 1664 2416 1689 mo·-

1378 1703 1646 1755 derandosque
1665 1705 1791 1742 luctus
1820 1706 2031 1756 composita
2059 1706 2248 1745 evolvisse
2266 1719 2307 1746 se
2324 1721 2416 1759 pro-

1378 1760 1517 1799 fitetur.
1538 1762 1725 1800 Nimirum
1744 1763 1847 1800 illius
1867 1762 1959 1800 libri
1979 1777 2063 1814 cap.
2087 1765 2132 1802 16
2153 1765 2234 1803 haec
2257 1767 2386 1816 posuit
2403 1783 2410 1805 :

1378 1832 1465 1871 nam
1486 1830 1522 1857 et
1542 1822 1689 1870 Infinito
1707 1822 1855 1867 dolore,
1882 1835 1992 1870 quum
2014 1824 2179 1871 aliquem
2197 1836 2248 1860 ea·
2265 1828 2413 1861 carissi-

1378 1883 1448 1914 mis
1458 1881 1637 1922 amiserz’s‚
1658 1877 1782 1928 affici,
1799 1882 1913 1916 stulta
1926 1882 2161 1930 indulgentia
2169 1890 2236 1926 est,
2245 1890 2285 1918 et
2293 1884 2412 1929 nullo,

1377 1937 1583 1973 inhumana
1598 1939 1751 1976 duritia.
1775 1936 1881 1974 Idem
1899 1937 1939 1976 in
1953 1937 2115 1977 Consol.
2137 1939 2185 1977 ad
2207 1939 2412 1989 Polybium

1378 2007 1463 2045 cap.
1483 1995 1530 2031 36
1550 1994 1600 2031 ait
1625 2008 1634 2031 ε
1654 2004 1689 2031 et
1707 2008 1781 2032 non
1795 2000 1932 2032 sentire
1952 1999 2056 2033 mala
2071 2011 2160 2047 sua,
2179 2011 2253 2035 non
2271 2007 2327 2036 est
2346 2000 2411 2036 ho-

1376 2057 1498 2099 minis,
1516 2062 1553 2089 et
1564 2067 1638 2090 non
1647 2052 1772 2102 ferre,
1801 2068 1875 2090 non
1902 2064 1956 2091 est
1983 2059 2060 2092 viri.
2083 2055 2143 2093 Ad
2170 2063 2293 2094 totum
2313 2069 2418 2096 vero·

1375 2110 1574 2148 Plutarchi
1597 2111 1725 2149 locum
1750 2111 2068 2162 Wyttenbachius
2089 2112 2171 2151 haec
2198 2113 2376 2165 ascripsit
2398 2129 2407 2152 :

1376 2178 1482 2207 teneo
1499 2171 1624 2206 adhuc
1636 2173 1735 2219 quod
1753 2175 1896 2217 notavi,
1911 2173 2031 2208 verba
2047 2169 2087 2209 τὸ
2106 2171 2169 2221 μὲν
2192 2172 2310 2223 ἀλγεῖν
2330 2173 2407 2213 κτλ.

1375 2232 1461 2265 item
1495 2238 1536 2266 ut
1562 2233 1737 2278 proxima
1766 2243 1844 2267 esse
1875 2230 2079 2268 Crantoris.
2114 2229 2411 2269 concedendum

1375 2295 1451 2332 est,
1474 2286 1573 2325 hanc
1603 2287 1759 2338 quidem
1795 2288 2022 2326 sententiam
2054 2287 2094 2326 τὸ
2121 2287 2183 2337 μὲν
2210 2282 2270 2327 οὗν
2291 2290 2409 2340 ἀλγεῖν

1374 2343 1433 2382 καὶ
1453 2345 1654 2392 δάκνεσθαι,
1674 2345 1944 2392 τελευτήσαντος
1964 2348 2060 2392 υῖου,
2079 2345 2264 2398 φυσικὴν”
2245 2360 2319 2398 εχει
2345 2347 2407 2393 τὴν

1375 2402 1487 2456 ἀρχὴν
1508 2420 1570 2451 της
1594 2404 1704 2451 λύπης
1729 2418 1750 2443 e
1769 2406 1953 2444 Crantore
1971 2413 2134 2443 sumtam
2156 2404 2302 2454 videri,
2317 2419 2412 2458 prae-

1375 2464 1505 2501 sertim
1531 2477 1650 2514 quum
1678 2464 1816 2502 similia
1846 2465 2016 2514 legamus
2048 2458 2152 2515 apud
2184 2462 2408 2504 Ciceronem

1374 2521 1491 2561 susc
1514 2522 1613 2573 disp.
1634 2523 1708 2570 ΙΙΙ,
1731 2536 1812 2572 29:
1846 2532 1984 2559 natura
1999 2521 2123 2570 affert
2145 2525 2332 2571 dolorem,
2351 2530 2412 2564 eui

1372 2583 1518 2629 quidem
1538 2582 1716 2628 Crantor,
1732 2585 1913 2630 inquiunt,
1927 2590 2053 2618 vester
2065 2583 2271 2620 cedendum
2281 2592 2405 2632 putat.

1371 2641 1513 2677 Premit
1526 2644 1626 2677 enim
1643 2649 1754 2689 atque
1770 2645 1902 2687 instat,
1920 2653 1987 2677 nec
1999 2644 2122 2677 resisti
2127 2649 2264 2690 potest.
2275 2640 2406 2688 Quid?

1372 2698 1477 2747 quod
1497 2697 1556 2736 his
1592 2706 1849 2736 consentanea
1874 2697 1991 2736 habet
2020 2697 2164 2736 Seneca
2195 2699 2307 2752 epist.
2341 2715 2405 2753 99.

1369 2755 1496 2801 Quum
1514 2757 1679 2808 primum
1699 2771 1767 2796 nos
1784 2757 1941 2796 nuntius
1959 2757 2089 2796 acerbi
2107 2757 2253 2797 funeris
2268 2773 2404 2810 percu-

1370 2814 1427 2860 lit,
1448 2829 1568 2865 quum
1591 2824 1764 2855 tenemus
1785 2829 1925 2867 corpus
1943 2829 1964 2854 e
1980 2817 2185 2868 complexu
2209 2826 2343 2857 nostro
2363 2819 2404 2857 in

1368 2872 1492 2921 ignem
1513 2874 1775 2925 transiturum,
1797 2875 1971 2913 lacrimas
1989 2875 2175 2913 naturalis
2202 2876 2406 2916 necessitas

1369 3019 1575 3060 Quapropter
1591 3018 1688 3051 etiam
1708 3019 1770 3051 hoc
1782 3021 1820 3051 ut
1838 3019 2032 3052 damnosum
2053 3023 2087 3052 et
2095 3020 2252 3053 vltiosum
2267 3022 2301 3053 et
2316 3021 2404 3054 viros

1373 3076 1486 3114 probos
1506 3076 1639 3110 minime
1670 3077 1788 3110 decens
1813 3077 1997 3117 vitandum,
2025 3077 2234 3110 mediocritas
2255 3087 2333 3111 vero
2352 3080 2400 3111 as-

1370 3133 1514 3165 feotuum
1541 3143 1604 3166 non
1627 3136 1679 3167 est
1699 3133 1914 3176 reprobanda.
1957 3136 2004 3167 Ne
2027 3135 2170 3176 aegmtus
2191 3135 2270 3176 sim,
2298 3136 2403 3176 inquit

1368 3192 1503 3224 Crantor
1525 3192 1754 3232 Academicus,
1784 3192 1841 3224 sed
1869 3192 1898 3225 si
1922 3192 2058 3232 fuerim,
2075 3201 2188 3226 sensus
2208 3193 2328 3234 aliquis
2346 3194 2402 3226 ad-

1367 3248 1427 3290 sit,
1445 3250 1515 3282 sive
1532 3251 1663 3282 secetur
1680 3258 1755 3291 pars
1772 3250 2013 3290 membrorum,
2040 3250 2110 3283 sive
2123 3259 2143 3283 a
2163 3259 2299 3293 corpore
2314 3251 2399 3284 avel-

1366 3308 1461 3339 latur.
1504 3309 1586 3341 Nam
1601 3308 1665 3341 ista
1683 3308 1805 3341 doloris
1830 3308 1976 3341 vacuitas
1994 3317 2059 3340 non
2085 3308 2157 3341 sine
2175 3317 2290 3350 magna
2310 3317 2398 3341 mer-

1364 3365 1443 3397 cede
1474 3365 1599 3398 homini
1629 3365 1778 3407 obtingit.
1822 3366 1950 3407 Quippe
1986 3366 2161 3399 verisimile
2197 3368 2265 3408 est,
2294 3369 2333 3399 ut
2353 3365 2400 3400 ibi

1364 3430 1482 3463 corpus
1494 3448 1501 3462 ,
1520 3424 1565 3456 ita
1578 3424 1632 3456 hic
1649 3423 1807 3465 ejusmodi
1826 3425 1971 3457 animum
1988 3433 2058 3457 esse
2075 3425 2257 3458 efferatum.
