2508 3776
40 86 59 115 2
127 83 134 104 Ι

942 160 1011 200 DE
1038 159 1362 203 AFFECTIBUS
1392 162 1560 202 LIBER.

158 250 260 301 ζῆλός
279 253 353 291 ἐστι
369 250 385 274 ¹³
406 252 523 305 ψυχῆς
554 252 698 303 λογικῆς
727 248 898 303 Θερμότης
927 250 985 288 ἐπ’
1005 251 1127 303 ἀγαθῷ
1150 249 1210 288 καὶ

158 313 260 365 κακῷ
279 310 370 362 μετὰ
389 310 675 364 παραδείγματος
692 309 925 360 ἔξαπτομένη.

213 370 422 421 Ζηλοτυπία
440 372 478 410 δέ
499 372 576 410 ἔστι
591 371 688 418 λύπη
713 370 772 410 ἐπὶ
795 371 847 424 τῷ
872 369 935 409 καὶ
955 368 1074 414 ἄλλοις
1091 368 1212 422 ὑπάρ-

40 440 59 454 ²
90 447 91 450 ¹
157 445 257 486 χειν,
276 429 337 470 καὶ
356 431 441 482 ἡμῖν
463 429 651 483 ὑπάρχειν.

211 489 398 543 Δυσθυμία
418 489 456 529 δὲ
475 487 571 538 λύπη
601 489 655 528 ἐπ’
685 487 802 540 ἀλύτῳ
822 486 846 536 ἢ
867 487 1065 542 δυσκινήτῳ
1094 487 1210 542 πράγ-

159 563 261 601 ματι.

212 606 387 663 Συμφορὸι
407 608 443 648 δὲ
464 607 560 657 λύπῃ
589 606 648 646 ἐπὶ
665 604 972 662 συμπεφυρμένοις
999 608 1133 652 κακοῖς.

201 666 339 723 ,Ἄχθος
358 667 396 708 δὲ
410 666 507 717 λύπη
531 664 744 720 βαρύνουσα.

210 723 320 783 Ἄχας
337 725 375 767 δὲ
391 725 488 775 λύπη
507 726 664 781 ἀφωνίαν
683 727 896 777 ἐμποιοῦσα.

211 785 460 843 Σφακελισμὸς
474 785 511 826 δὲ
532 787 608 826 ἐστι
627 784 724 832 λύπη
745 783 893 837 σφοδρά.
914 799 928 816 c

213 845 389 901 (Scripsi
407 857 418 884 ε
436 849 451 868 ·
481 845 531 897 τῷ
562 842 726 896 ἑτέρους]
755 855 842 881 cum
873 842 963 882 cod.
997 855 1039 890 a;
1066 842 1153 882 cod.
1175 842 1202 881 b

154 906 228 946 ’τῶν
247 902 389 957 ἑτέροις.
405 925 460 934 -
478 901 495 926 ¹’
514 902 615 951 ζῆλός
635 904 736 954 ἐστι]
769 916 858 940 cum
881 901 966 940 cod.
989 915 1032 951 a;
1061 902 1150 942 cod.
1172 901 1212 941 b.

157 962 262 1012 ζῆλος
281 961 355 1001 ἐπί.
375 964 460 992 -ο
483 961 640 1016 σφοδρά]
663 961 752 1002 cod.
776 961 925 1014 σφόδρα.
941 960 1019 1014 -)

176 1021 347 1068 “luvana
366 1019 404 1062 δὲ
421 1019 518 1068 λύπη
541 1022 602 1076 ἐπὶ
622 1019 738 1074 ἀώρου
755 1019 890 1064 τέλους.

212 1079 456 1134 Δυσχέρανσις
470 1079 507 1119 δὲ
526 1079 623 1128 λύπη
641 1079 675 1125 ἐξ
695 1079 858 1119 ἐναντίων
880 1079 1073 1131 λογισμῶν.

212 1138 393 1194 Ὄχλησις
417 1138 454 1179 δὲ
470 1138 567 1190 λύπη
593 1142 861 1194 στενοχωροῧσα
881 1137 905 1187 ἢ
928 1137 1150 1193 ἀναστροφὴν
1174 1140 1212 1177 οὐ

160 1199 321 1240 διδοῦσα.

211 1256 345 1307 Ὀδύνη
366 1256 401 1296 δὲ
418 1257 516 1306 λύπη
534 1255 739 1297 εἷσδύνουσα
757 1256 819 1296 καὶ
839 1255 946 1302 ὀξεῖα.

157 1316 255 1359 'livia
275 1317 313 1357 δὲ
337 1317 432 1366 λύπη
450 1317 485 1363 ἐξ
506 1318 768 1369 ἀναλογισμῶν.

156 1370 174 1395 ‘³
196 1375 448 1428 ”Μιταμέλεια
467 1376 503 1416 δὲ
529 1375 628 1423 λύπη
651 1375 709 1414 ἐπὶ
733 1375 970 1429 ἁμαρτήμασι
1004 1375 1216 1430 πεπραγμέ-

157 1440 249 1487 νοις,
268 1434 331 1476 καὶ
351 1435 410 1475 διά
430 1451 464 1475 τι
488 1435 642 1488 γεγονός.
658 1446 673 1463 ²

213 1494 394 1549 Σύγχυσις
411 1495 447 1534 δὲ
469 1493 568 1543 λύπη
587 1494 628 1534 τὸ
643 1494 756 1549 παρὸν
778 1495 936 1548 διορᾷνῦ,
964 1494 1004 1534 τὸ
1028 1493 1064 1534 δὲ
1086 1495 1215 1547 μέλλον

159 1557 200 1596 οὗ
228 1555 428 1596 κωλύουσα.

213 1614 364 1667 Ἇθυμία
382 1612 419 1654 δὲ
437 1614 535 1662 λύπη
553 1614 806 1660 ἀπελπίζοντος
825 1608 873 1653 ὧν
901 1616 1063 1666 ἐπιθυμεῖ
1080 1616 1214 1668 τυχεῖν.

212 1673 304 1723 ’Aen
325 1672 363 1714 δὲ
379 1672 475 1722 λύπη
493 1671 584 1724 μετὰ
605 1674 808 1727 ῥυπασμοῦ.
843 1691 853 1697 ·*

211 1731 367 1786 Νέμεσις
385 1731 422 1772 δὲ
443 1732 542 1781 λύπη
563 1731 621 1772 ἐπὶ
643 1731 888 1786 ἐπαιρομένοις
907 1733 1006 1787 παρὰ
1023 1732 1063 1773 τὸ
1084 1731 1217 1787 προσῆ-

158 1806 237 1835 κον.

174 1892 177 1894 .
212 1851 394 1908 Δυσφορία
413 1851 450 1892 δὲ
469 1850 564 1901 λύπη
583 1850 674 1903 μετὰ
694 1851 844 1906 ἀπορίας
863 1855 925 1891 τοῦ
945 1854 1019 1896 πῶς
1040 1852 1212 1906 χρήσεται

157 1919 231 1958 τοῖς
244 1915 410 1966 παροῦσι.

213 1974 243 2014 Γ
243 1971 359 2017 ὡςδὲ
379 1973 502 2026 θρῆνος
518 1971 713 2024 ἀγόμενοςθ
732 1970 824 2010 κατὰ
843 1970 974 2019 λύπην.

211 2030 426 2085 Βαρυθυμία
456 2030 493 2070 δὲ
515 2030 612 2079 λύπη
649 2029 848 2084 βαρύνουσα
880 2031 940 2069 καὶ
969 2030 1152 2070 ἀνάνευσιν
1180 2032 1219 2070 οὐ

158 2092 320 2134 διδοῦσα.

211 2153 374 2197 Κλαῢσις
403 2149 440 2191 δὲ
471 2149 664 2204 διάκρισις,
690 2149 708 2174 ‘¹
724 2149 945 2201 λυπουμένου
973 2148 1129 2195 νεύοντος
1162 2150 1218 2189 ἐπὶ

111 2214 115 2217 ’
157 2212 199 2252 τὸ
214 2216 348 2266 χεῖρον.

212 2269 367 2324 Φροντὶς
383 2268 420 2310 δὲ
436 2269 604 2322 λογισμὸς
623 2268 861 2319 λυπουμένου.

169 2373 172 2376 ,
214 2325 346 2376 Οἷκτος
365 2329 402 2370 δὲ
421 2329 518 2378 λύπη
538 2331 594 2369 ἐπ’
616 2327 812 2382 ἀλλοτρίοις
838 2330 973 2372 κακοῖς.

215 2390 388 2444 (Scripsi
405 2403 416 2429 :
433 2396 449 2416 ⁸
470 2388 531 2429 καὶ
547 2389 606 2429 διά
622 2405 656 2427 τι
673 2387 811 2441 γεγονός
825 2389 837 2440 ]
851 2403 940 2427 eum
957 2388 1045 2427 cod.
1070 2401 1091 2427 a
1105 2404 1115 2436 ;
1130 2388 1214 2427 cod.

157 2450 200 2494 b.
223 2452 272 2496 ὥς
291 2449 351 2491 διά
369 2465 403 2490 τι
429 2449 608 2503 γεγόνασι.
632 2471 686 2479 —
704 2447 721 2471 ¹²
746 2448 842 2497 λύπη
867 2448 907 2487 τὸ
935 2447 1046 2502 παρὸν
1074 2449 1216 2502 διορᾷν]

162 2510 281 2552 codd.
301 2509 399 2558 λύπη
427 2509 566 2563 διορᾷν,
599 2530 653 2539 -
676 2513 691 2532 ⁰
725 2508 915 2560 ἀγόμενος]
938 2523 1025 2547 cum
1047 2508 1135 2547 cod.
1171 2522 1214 2558 a;

159 2570 246 2610 cod.
275 2569 313 2608 b.
341 2567 530 2622 ἀγόμενον.
561 2567 647 2598 —d
685 2567 885 2620 διάκρισις[
922 2568 1020 2606 codd
1075 2565 1216 2620 διοίκρυ·

159 2645 228 2676 σις.
252 2629 330 2682 -)
429 2643 434 2646 ·

564 2685 689 2727 Φόὸου
711 2686 802 2734 εἴδη.

211 2751 364 2803 Ὀκνος,
393 2751 567 2806 αἰσχύνη,
606 2752 734 2804 δεῖμα,
765 2749 860 2797 δέος,
898 2750 1076 2803 ἔκπληξις,
1109 2752 1216 2790 κατά-

159 2812 306 2865 πληξις,
325 2811 439 2853 δειλία
454 2842 464 2860 ,
482 2810 670 2866 ψοφοδέεια
685 2841 696 2860 ,
713 2817 731 2835 ⁸
765 2811 921 2865 ἀγωνία,
947 2810 1118 2862 μέλλησις
1130 2842 1139 2860 ,
1159 2813 1218 2865 ‹35-

161 2873 271 2930 ῥωδία
284 2903 296 2924 ,
313 2872 478 2926 θόρυὸος,
498 2871 769 2922 δεισιδαιμονία.

217 2933 389 2987 (Scripsi
412 2947 421 2971 ε
441 2934 458 2954 ³
478 2933 691 2986 ψοφοδέειας
724 2931 813 2971 cod.
846 2927 1030 2985 ψοφοδεία.
1050 2953 1104 2961 —
1124 2930 1137 2982 )

522 2989 630 3045 Ὅροι
661 2993 728 3030 τῶν
750 2992 865 3032 εἰδῶν.

204 3049 349 3097 ’Ὀκνος
389 3051 454 3103 μὲν
488 3044 547 3090 οῧν
591 3052 666 3089 ἐστι
698 3049 804 3104 φόὸος
843 3050 1038 3103 μελλούσης
1077 3051 1219 3104 εὐεργε-

162 3114 256 3159 σίας.
270 3119 289 3140 ⁸

219 3171 386 3226 Αἰσχύνη
407 3170 444 3210 δὲ
461 3170 566 3224 φόὸος
587 3169 737 3216 ἀδοξίας.

216 3234 333 3281 Δεῖμα
350 3230 386 3270 δὲ
409 3229 515 3285 φόὸος
538 3229 774 3284 ὑφορώμενος.

165 3306 170 3310 “
217 3290 304 3336 Δέος
322 3290 359 3330 δὲ
381 3289 486 3344 φόὸος
507 3288 694 3334 συνεστώς.
712 3288 729 3312 '²

190 3346 415 3398 ,Ἔκπληξις
448 3349 485 3389 δὲ
511 3349 618 3404 φόὸος
654 3348 770 3390 ἕνεκεν
801 3347 993 3398 ἀσυνήθους
1027 3346 1221 3402 φαντασίας

165 3410 290 3466 δεινοῦ.

2250 165 2324 204 571

1276 255 1320 288 tis
1353 257 1385 288 et
1410 256 1519 289 festivi
1554 266 1561 285 τ
1592 257 1652 288 aut
1680 255 1765 288 livor
1795 258 1847 289 est
1876 256 1978 289 animi
2004 257 2144 290 rationis
2169 257 2331 298 compotis

1275 296 1387 372 {gagg
1405 298 1491 331 bono
1509 300 1567 331 aut
1591 297 1680 330 malo
1703 298 1847 340 exempli
1865 298 2052 340 proferendi
2079 308 2182 332 causa
2200 298 2331 331 inflam-

1322 393 1530 426 Obtrectatio
1557 402 1637 427 vero
1659 394 1709 426 est
1728 392 1838 432 dolor,
1856 393 1948 437 quod
1978 395 2012 427 et
2031 394 2088 427 alii
2110 394 2236 428 habent
2254 403 2331 437 quae

1275 462 1335 486 nos
1360 452 1535 487 habemus.

1317 505 1491 547 AEgritudo
1523 507 1636 539 autem
1661 505 1756 539 dolor
1786 515 1805 539 e
1841 515 1878 539 re
1907 505 2134 549 inexplicabili
2160 505 2213 540 vel
2241 505 2331 539 disti-

1276 565 1383 598 culter
1399 565 1514 598 mobili
1534 567 1707 608 acceptus.

1318 624 1500 658 calamitas
1522 627 1573 658 est
1591 625 1686 658 dolor
1711 633 1729 657 e
1748 623 1895 658 confusis
1917 625 2016 658 malls
2039 628 2229 668 perceptus.

1317 683 1470 717 Molestia
1486 685 1537 717 est
1550 683 1645 716 dolor
1663 684 1784 726 gravis.

1318 745 1439 776 Moeror
1458 745 1509 775 est
1531 743 1624 775 dolor
1644 742 1813 776 silentium
1827 741 1962 777 faciens.

1319 802 1495 835 Iracundia
1509 804 1560 836 est
1579 802 1673 835 dolor
1690 811 1780 836 acer.

1321 1035 1446 1067 Luctus
1462 1036 1512 1067 est
1525 1033 1619 1067 dolor
1635 1043 1676 1067 ex
1691 1034 1872 1067 immatura
1890 1035 1999 1067 morte
2017 1038 2207 1078 perceptus.

1320 1093 1521 1126 Stomachus
1542 1096 1594 1126 est
1618 1093 1713 1126 dolor
1733 1102 1774 1126 ex
1791 1094 1965 1126 contrariis
1995 1094 2140 1127 consiliis
2163 1096 2268 1127 ortus.

1322 1153 1535 1186 perturbatio
1551 1155 1664 1186 autem
1689 1153 1783 1185 dolor
1808 1153 1905 1196 quasi
1923 1153 1957 1186 in
1980 1153 2150 1195 angustias
2167 1152 2335 1186 adductus

1278 1196 1329 1228 est
1351 1197 1409 1227 ant
1434 1195 1581 1228 reditum
1598 1194 1792 1237 praecidens.

1319 1254 1476 1287 Anxietas
1499 1263 1580 1287 vero
1604 1254 1699 1287 dolor
1715 1254 1927 1298 penetrabilis
1948 1256 1981 1287 et
2003 1263 2088 1287 acer.

1320 1315 1470 1348 Tristitia
1487 1317 1600 1348 autem
1620 1315 1714 1348 dolor
1736 1324 1777 1347 ex
1797 1314 2052 1357 cogitationibus
2067 1315 2174 1347 ortus.

1320 1374 1517 1407 Poenitentia
1539 1383 1619 1407 vero
1651 1374 1746 1407 dolor
1765 1375 1816 1406 est
1845 1383 1863 1406 e
1886 1373 2031 1416 peccatis
2047 1373 2202 1406 admissis
2226 1374 2332 1412 ortus,

1279 1419 1312 1449 ct
1340 1426 1382 1450 ex
1409 1419 1530 1450 evento
1548 1416 1662 1458 aliquo
1689 1418 1859 1458 acceptus.

1322 1475 1482 1510 Confusio
1510 1477 1624 1509 autem
1642 1475 1737 1508 dolor
1756 1477 1807 1508 est
1832 1475 2018 1523 prohibens
2042 1474 2222 1517 quominus
2247 1483 2334 1516 prze-

1279 1520 1405 1551 sentem
1429 1527 1541 1551 rerum
1575 1519 1700 1550 statum
1732 1517 1970 1559 perspiciamus
1985 1543 1992 1556 ,
2017 1517 2076 1549 sed
2106 1525 2172 1549 non
2200 1515 2335 1549 obstans

1278 1560 1359 1603 quin
1393 1559 1510 1592 futura
1537 1559 1792 1601 praevideamus.

1320 1613 1428 1646 Animi
1459 1612 1600 1655 deJectio
1631 1612 1726 1645 dolor
1749 1614 1800 1645 est
1820 1611 2037 1654 desperantis,
2058 1621 2093 1645 se
2109 1621 2149 1645 ea
2174 1620 2250 1654 quae
2272 1610 2333 1644 de-

1279 1654 1404 1688 siderat
1425 1657 1683 1687 consecuturum
1702 1663 1785 1687 esse.

1320 1707 1479 1741 Moestitia
1505 1710 1618 1740 autem
1639 1707 1734 1740 dolor
1756 1709 1807 1740 est
1823 1716 1900 1739 cum
1917 1706 2072 1739 sordibus
2084 1706 2288 1748 conjunctus.

1321 1766 1506 1809 Indignatio
1535 1776 1615 1800 vero
1643 1766 1736 1799 dolor
1763 1766 1804 1799 ab
1826 1766 2016 1799 hominibus
2037 1765 2191 1799 indecore
2213 1773 2332 1808 super-

1279 1820 1446 1853 bientibus
1461 1819 1556 1853 nobis
1576 1819 1709 1852 allatus.

1322 1879 1532 1921 Impatientia
1559 1881 1670 1912 autem
1692 1878 1788 1911 dolor
1812 1881 1863 1912 est
1891 1888 1969 1911 cum
1988 1878 2196 1912 dubitatione
2224 1887 2336 1911 conso·

1282 1939 1401 1978 datus,
1432 1938 1599 1982 quomodo
1622 1939 1722 1972 rebus
1747 1938 1968 1981 praesentibus
1988 1937 2031 1970 sit
2055 1937 2229 1971 utendum.

1322 1998 1529 2031 Lamentatio
1548 2000 1597 2031 est
1625 1998 1778 2040 planctus
1796 2007 1815 2030 a
1832 1997 2023 2030 dolentibus
2045 1997 2155 2030 datus.

1322 2057 1500 2089 Morositas
1532 2058 1582 2089 est
1617 2056 1711 2088 dolor
1737 2056 1858 2098 gravis,
1894 2055 2020 2087 nullam
2056 2054 2151 2088 nobis
2187 2057 2336 2098 requiem

1280 2115 1373 2148 dans.

1323 2175 1437 2208 Fletus
1461 2175 1512 2207 est
1535 2173 1705 2207 moerentis
1732 2173 1910 2216 judicium,
1938 2173 1997 2216 qui
2028 2173 2072 2206 ad
2100 2172 2266 2207 deteriora
2284 2173 2336 2206 in-

1281 2235 1394 2270 clinat.

1324 2293 1522 2328 Sollicitudo
1542 2296 1654 2326 autem
1674 2293 1844 2326 moerentis
1869 2292 2026 2335 cogitatio
2043 2295 2105 2326 est.

1326 2354 1496 2388 Miseratio
1518 2363 1598 2387 vero
1617 2353 1711 2386 dolor
1729 2362 1770 2386 ex
1785 2352 2012 2386 alienis'malis
2027 2354 2193 2395 acceptus.

1677 2682 1788 2715 Metus
1808 2679 1942 2714 formaes

1325 2753 1496 2796 segnities,
1518 2752 1638 2796 pudor,
1656 2761 1771 2795 pavor,
1808 2751 1917 2790 timor,
1946 2749 2183 2788 consternatio,
2203 2751 2329 2792 stupor,

1282 2814 1445 2847 timiditas
1463 2840 1470 2852 ,
1491 2812 1633 2846 formido
1661 2821 1772 2854 angor,
1795 2810 1963 2844 cunctatio
1984 2809 2189 2850 sollicitudo,
2208 2810 2337 2843 tumul-

1284 2876 1350 2915 tus,
1367 2873 1568 2916 superstitio.

1639 3006 1833 3038 Formarum
1847 3003 2065 3037 definitiones.

1325 3065 1486 3107 segnities
1503 3064 1640 3108 quidem
1657 3067 1708 3098 est
1722 3067 1832 3098 metus
1848 3064 1972 3097 futuroe
1990 3062 2230 3097 beneticentiae.

1327 3174 1438 3208 Pudor
1472 3176 1586 3207 autem
1611 3176 1662 3208 est
1685 3173 1831 3206 infamiae
1849 3175 1971 3206 metus.

1327 3237 1433 3268 Pavor
1449 3236 1560 3268 autem
1579 3237 1689 3268 metus
1711 3236 1896 3276 suspectus.

1323 3296 1435 3330 Timor
1451 3305 1530 3330 vero
1546 3298 1660 3329 metus
1686 3297 1875 3338 perpetuus.

1326 3356 1558 3390 consternatio
1585 3358 1636 3390 est
1655 3357 1766 3389 metus
1791 3354 1833 3388 ab
1860 3353 1991 3388 insolita
2010 3351 2147 3396 periculi
2172 3350 2288 3395 specie.
