2528 3788
149 325 367 378 fflqbpm'm
383 324 419 371 ἐξ
431 325 662 377 ὑποκειμένου
678 328 724 371 εἷς
737 324 786 377 μὴ
804 325 1031 377 ὑποκείμενον
1043 326 1105 364 οὒκ
1120 324 1194 364 ἔστι

148 383 336 436 μεηὸολὴ
357 384 415 424 διὰ
446 385 486 423 τὸ
518 384 568 437 μὴ
599 380 685 425 εἶναι
705 387 783 425 κατ’
808 385 992 425 ἀντίθεσιν·
1015 384 1093 423 οὔτε
1127 385 1194 438 γὰρ

146 442 309 493 mh,
327 442 406 483 οὔτε
420 444 601 497 ἀντίφασίς
618 447 724 485 ἐστιν.

147 500 460 556 f-c>(Aristoteles
484 505 602 556 Phys.
627 505 695 543 lib.
717 505 766 554 V,
789 518 874 557 cap.
904 505 992 543 225.
1014 518 1048 544 a.
1073 519 1108 545 1.
1129 505 1192 543 ed.

144 561 319 606 muner.
341 563 568 617 Simplicius
597 565 664 603 fol.
701 579 786 615 192.
811 564 849 602 b.
882 565 958 615 (cf.
990 564 1135 603 Scholl.
1156 564 1198 603 in

146 618 276 662 *An-ist.
296 637 335 676 p.
360 625 436 675 396
457 626 518 663 ed.
549 625 757 675 Brandis.)
779 622 846 662 κᾶν
878 617 973 663 εἶπεν
996 618 1055 663 οῧν
1075 639 1199 677 τετρα-

147 682 230 734 χῶς
244 681 484 733 μεταὸάλλειν
501 682 542 722 τὸ
559 681 778 734 μεταὸάλλον
793 713 804 733 ,
826 683 891 735 οὐχ
913 684 958 726 ὥς
978 684 1012 721 ἐν
1025 690 1113 722 πᾶσι
1129 688 1198 728 τοῖς

154 740 320 794 τμήμασι
336 746 399 791 τῆς
423 744 626 795 διαιρέσεως
654 741 761 791 οὔσης
787 746 848 790 τῆς
863 744 1063 795 μεταὸολῆς
1082 743 1195 797 λέγει,

154 801 235 841 m·
247 801 302 841 ὅτι
319 802 356 841 έν
375 805 420 856 τῇ
438 802 606 855 διαιρέσει
623 802 734 855 ταύτῃ
752 808 852 841 πᾶσα
875 803 1056 852 μεταὸολὴ
1073 803 1192 856 περιέ-

153 871 267 913 χεται·
285 861 309 908 ἡ
330 858 399 913 γὰρ
419 859 484 913 μία
505 862 575 899 τῶν
595 860 795 914 τεσσάρων,
821 863 843 908 ἡ
866 860 901 906 ἐξ
921 863 987 913 οὐχ
1005 861 1198 913 ὑποκειμέ-

155 928 218 959 νου
236 921 293 964 'ik
325 920 391 972 οὐχ
419 920 650 971 ὑποκείμενον
671 921 733 959 οὖκ
763 919 838 959 ἔστι
866 919 1062 971 μεταὸολή.
1086 920 1133 961 Ὅ
1162 921 1199 959 83

39 985 81 1011 ⁸--
116 1017 121 1022 ,
153 975 320 1030 Εὔδημος
353 977 416 1018 καὶ
448 979 513 1024 τὰς
558 981 737 1033 στερήσεις
776 979 1015 1028 ὑποκειμένοις
1048 979 1199 1020 ἐοικέναι

147 1035 274 1091 4φησίν.
306 1039 362 1078 Οὔ
385 1037 454 1092 γὰρ
472 1038 600 1090 ὁμοίως
629 1038 771 1092 λέγεται
791 1038 832 1077 τὸ
857 1039 983 1092 τυφλὸν
1003 1037 1063 1077 καὶ
1083 1038 1124 1077 τὸ
1147 1038 1196 1090 μὴ

144 1095 235 1155 Ἰ-ἱχον
248 1097 471 1149 ὃφθαλμούς,
498 1096 577 1136 οὐδὲ
611 1097 649 1136 τὸ
678 1096 860 1151 φαλακρὸν
887 1097 950 1136 καὶ
970 1096 1009 1136 τὸ
1033 1096 1081 1148 μὴ
1114 1095 1196 1151 ἔχον

142 1152 288 1208 &mlx-nc·
321 1156 534 1208 ὑποκείμενα
563 1151 622 1195 οὖν
654 1155 716 1195 καὶ
737 1155 783 1195 τὰ
814 1155 959 1194 τοιαῦτά
980 1170 1107 1209 φησιν,
1135 1156 1200 1208 οὐχ

151 1213 280 1266 ὁμοίως
299 1213 336 1254 83
365 1218 440 1261 ταῖς
458 1215 740 1270 καταφάσεσιν.)

203 1287 255 1315 ω.
285 1274 391 1316 Ἐπεὶ
419 1275 456 1314 δὲ
483 1274 562 1314 οὔτε
585 1274 722 1325 οὖσίας,
749 1274 828 1315 οὔτε
851 1278 912 1314 τοῦ
942 1279 1027 1328 πρός
1047 1289 1095 1323 τι,
1116 1273 1198 1314 οὔτε

150 1333 336 1375 edomatur
349 1333 412 1373 καὶ
431 1333 603 1387 πάσχειν,
620 1333 780 1374 λείπεται
796 1332 888 1373 κατὰ
908 1333 947 1372 τὸ
963 1332 1061 1373 ποιὸν
1080 1332 1140 1371 καὶ
1159 1331 1199 1371 τὸ

147 1391 262 1433 ποσὸν
275 1393 336 1432 καὶ
354 1392 395 1432 τὸ
411 1396 480 1433 ποῦ
505 1393 644 1442 κίνησιν
664 1387 753 1433 εἶναι
775 1393 889 1446 μόνον·
915 1394 949 1431 ἐν
972 1392 1112 1445 ἑκάστῳ
1132 1391 1200 1444 γάρ

140 1452 226 1491 ’ἐστι
245 1451 378 1492 τούτων
399 1451 616 1496 ἐναντίωσις.

205 1509 458 1565 (Aristoteles
478 1511 592 1563 Phys.
618 1511 686 1550 lib.
701 1510 749 1560 V,
769 1524 855 1563 cap.
874 1525 896 1549 ο,
914 1525 956 1563 p.
979 1512 1073 1550 226.
1091 1523 1126 1550 a.
1149 1511 1198 1547 23

138 1568 403 1612 ›ed.⁴Bekker.
426 1571 651 1623 Simplicius
672 1571 743 1609 fol.
766 1584 856 1611 σοι.
876 1570 904 1608 b
948 1570 1026 1622 (cf.
1049 1570 1197 1608 Scholl.

143 1628 191 1671 h
207 1629 372 1669 Aristot.
394 1643 436 1682 p.
456 1631 536 1681 399
554 1631 616 1670 ed.
645 1628 850 1683 Brandis).
880 1628 1103 1681 Προοέμενος
1124 1629 1197 1667 δεῖ-

134 1686 226 1737 κξαι,
249 1687 305 1728 ὅτι
324 1689 387 1728 οὐκ
408 1689 444 1728 ἐν
475 1689 607 1734 πάσαις
628 1687 857 1742 κατηγορίαις
885 1689 978 1727 ἐστὶν
1006 1691 1029 1735 ἡ
1051 1687 1199 1736 κίνησις,

135 1741 243 1789 'm'
248 1749 284 1788 ἐν
304 1746 426 1799 μόναις
444 1748 556 1801 τρισί,
569 1750 620 1787 τῶ
633 1750 752 1800 ποσῶ,
778 1750 828 1802 τῶ
846 1751 937 1801 ποιῶ
957 1747 1019 1786 καὶ
1035 1749 1085 1800 τῶ
1107 1751 1174 1786 ποῦ
1186 1777 1197 1796 ,

146 1805 215 1847 *αὶ
234 1806 351 1853 δείξας
377 1805 431 1846 ὅτι
454 1806 532 1847 οὔτε
563 1809 598 1846 ἐν
631 1807 758 1861 οὐσία,
786 1806 866 1846 οὔτε
901 1810 936 1846 ἐν
964 1809 1015 1860 τῷ
1037 1806 1124 1858 πρός
1144 1823 1199 1855 τι,

135 1865 284 1907 “izuh
301 1868 353 1920 τῷ
379 1871 491 1907 ποιεῖν
521 1867 582 1906 καὶ
605 1837 762 1920 πάσχειν
779 1897 789 1915 ,
813 1866 935 1915 ἐπειδὴ
964 1865 1117 1914 κινήσεις
1136 1866 1199 1917 μὲν

134 1920 261 1967 -Ὶαῦταί
281 1925 373 1972 τινές
399 1928 487 1975 εἰσι,
522 1925 656 1975 κίνησις
683 1926 718 1964 δὲ
748 1925 919 1974 κινήσεως
945 1926 1007 1965 οὔκ
1027 1924 1102 1963 ἔστι
1122 1927 1200 1964 καθ’

132 1985 240 2027 ἰᾶτο
259 1983 349 2039 ’ὅπερ
369 1985 427 2025 διὰ
445 1985 615 2024 πλειόνων
632 1983 790 2031 ἀπέδειξε
802 2000 811 2009 ·
837 1984 1114 2038 συμπεραίνεται
1129 1986 1202 2023 λοι·

153 2046 222 2088 πὸν
241 2044 296 2086 ὅτι
321 2045 372 2097 μὴ
406 2045 514 2092 οὔσης
526 2043 696 2092 κινήσεως
729 2045 763 2083 ἐν
783 2050 860 2089 ταῖς
887 2044 1009 2088 ἄλλαις
1044 2059 1199 2096 κατηγο-

148 2105 263 2161 -ρίαις,
281 2103 443 2144 λείπεται
460 2103 555 2144 κατὰ
574 2104 615 2143 τὸ
633 2103 753 2152 ποιόν,
778 2103 839 2142 καὶ
857 2104 897 2143 τὸ
923 2103 1034 2143 ποσόν
1046 2133 1056 2152 ,
1076 2119 1137 2142 και
1157 2103 1198 2143 τὸ

153 2168 223 2205 ποῦ
243 2163 380 2213 κίνησιν
400 2156 490 2203 εἶναι
514 2162 618 2215 μόνον
633 2193 644 2212 ,
664 2162 725 2202 καὶ
749 2162 814 2211 τὴν
836 2162 951 2201 αἰτίαν
971 2177 1032 2200 του
1055 2164 1090 2202 ἐν
1108 2178 1194 2201 του-

149 2236 223 2270 ‘eote
243 2217 334 2263 εἶναι
354 2221 490 2272 κίνησιν
523 2225 751 2275 προστίθησιν
770 2221 891 2260 εἰπών·
913 2224 946 2261 ἐν
968 2221 1108 2275 ἑκάστῳ
1132 2222 1200 2275 γάρ

133 2285 227 2324 ’ἔστι
257 2281 390 2322 τούτων
422 2281 633 2326 ἐναντίωσις.
716 2281 762 2322 ‘H
798 2281 884 2343 γὰρ
892 2281 1026 2329 κίνησις
1047 2280 1117 2327 ἐξ’
1102 2298 1202 2321 εναν-

151 2342 229 2383 ῥίου
247 2343 297 2387 εἰς
321 2340 478 2383 ἐναντίον
497 2345 539 2389 ἠν
562 2340 755 2394 μεταὸολή.
778 2342 824 2380 Εἰ
844 2344 903 2379 οὖν
923 2340 1015 2379 ἔστιν
1036 2341 1199 2381 ἐναντίω-

128 2410 207 2448 ητις
223 2402 261 2441 ἒν
279 2404 324 2454 τῇ
340 2400 426 2455 πρός
452 2416 486 2440 τι
519 2401 713 2454 κατηγορία
730 2431 740 2450 ,
774 2403 819 2445 ὡς
848 2400 951 2444 αὐτὸς
973 2402 1007 2438 ἐν
1034 2417 1194 2453 κατηγο-

122 2456 244 2516 'psum
273 2459 381 2515 (cap.
405 2475 425 2509 7
458 2475 501 2511 p.
525 2461 564 2498 6.
598 2460 641 2500 b.
669 2460 714 2498 15
738 2460 798 2498 ed.
821 2461 970 2499 Bekker
986 2464 998 2509 )
1019 2461 1195 2507 ἐδήλωσεν

148 2520 262 2562 εἰπών
283 2537 299 2555 ⁸
319 2520 472 2574 ὑπάρχει
491 2519 527 2558 δὲ
549 2519 608 2558 και
638 2519 837 2567 ἐναντιότης
858 2522 894 2559 ἐν
909 2526 981 2563 τοῖς
1007 2519 1094 2572 πρός
1116 2537 1164 2570 τι,
1185 2539 1200 2557 υ

150 2579 256 2621 ὠδὶν
273 2579 406 2618 κωλύει
425 2579 486 2619 καὶ
511 2578 604 2619 κατὰ
625 2578 756 2625 ταύτην
779 2583 867 2617 εἶναι
888 2578 1039 2626 κίνησιν.
1061 2580 1115 2619 'lb
1135 2581 1199 2631 μὲν

150 2637 224 2692 γὰρ
237 2636 438 2690 κινούμενον
459 2641 607 2679 ἐνταυθα
627 2642 649 2686 ἡ
666 2639 768 2678 οὐσία
787 2637 872 2686 ἐστί,
885 2639 1031 2677 κινεῖται
1053 2638 1089 2677 δὲ
1111 2640 1201 2679 κατὰ

138 2697 216 2746 τὴν
225 2694 345 2750 σχέσιν
360 2695 480 2751 ὥσπερ
500 2695 593 2736 κατὰ
606 2697 777 2746 ποιότητα
797 2696 858 2736 καὶ
873 2696 1052 2746 ποσότητα
1065 2699 1125 2738 καὶ
1141 2704 1201 2739 τοῦ

124 2753 129 2758 ’
151 2756 469 2832 ποῖῒκατηγορίαν·
487 2756 546 2796 καὶ
561 2755 652 2795 κατὰ
666 2756 707 2795 τὸ
728 2757 838 2795 ποιεῖν
854 2756 890 2794 83
911 2756 970 2795 καὶ
988 2757 1028 2796 τὸ
1047 2757 1200 2812 πάσχειν

135 2817 286 2856 κινοῖτο
305 2814 346 2855 ἂν
363 2815 405 2855 τὸ
424 2815 667 2867 ὖποκείμενον·
690 2814 880 2854 ἀντίκειται
897 2814 933 2854 83
952 2815 992 2854 τὸ
1010 2820 1121 2854 ποιεῖν
1140 2813 1202 2852 καὶ

141 2875 197 2915 τὸ
226 2875 375 2932 πάσχειν
394 2878 441 2921 ὡς
460 2874 504 2915 τὰ
526 2874 612 2927 πρός
638 2891 683 2914 τι.
731 2874 804 2914 Καὶ
821 2874 913 2913 κατὰ
931 2874 993 2919 τὰς
1017 2873 1141 2919 λοιπὰς
1164 2874 1200 2913 83

154 2939 368 2990 κατηγορίας
400 2938 459 2984 ἡε
445 2935 681 2987 υποκειμένη,
711 2938 828 2985 οἶμαι,
858 2934 959 2974 οὗσία
989 2934 1172 2987 λέγοιτο
1155 2951 1197 2974 αν

123 3140 240 3184 ‘jecto
253 3141 298 3175 'in
321 3141 526 3184 subjectum,
555 3143 614 3175 aut
639 3151 658 3175 e
675 3140 824 3183 subjecto
843 3140 877 3173 in
895 3148 960 3173 non
990 3140 1177 3182 subjectum
1193 3169 1202 3185 ‚

144 3201 248 3235 'ime
262 3205 332 3234 ⁴non
354 3200 501 3243 subJecto
523 3201 558 3234 in
580 3201 783 3244 subjectum,
805 3202 864 3234 aut
877 3209 896 3235 ο
920 3210 986 3234 non
1004 3201 1153 3243 subjecto
1170 3201 1204 3235 in

144 3262 220 3294 -non
243 3259 428 3302 subjectum
456 3262 615 3294 mutatur.
632 3260 714 3293 Dico
728 3262 841 3293 autem
859 3260 893 3293 id
911 3260 1098 3303 subjectum
1115 3261 1205 3304 quod

151 3317 375 3352 :mn-mationa
392 3319 604 3362 significatur.
647 3320 870 3359 Quamobrem
895 3329 937 3353 ex
958 3320 998 3352 iis
1022 3329 1098 3362 quae
1117 3320 1204 3354 dicta

155 3378 237 3412 um
250 3379 321 3412 tres
341 3378 542 3413 mutationes
563 3388 636 3414 esse
654 3388 787 3413 neeesse
816 3381 884 3420 est3
913 3388 984 3412 eam
1009 3387 1084 3421 quae
1107 3380 1158 3413 est
1187 3389 1206 3413 e

143 3435 309 3479 meecto
321 3436 356 3470 in
373 3439 570 3481 subiectum,
587 3441 620 3474 et
630 3449 702 3474 eam
719 3449 795 3482 quae
809 3449 825 3472 e
840 3439 987 3482 sthecto
997 3440 1031 3472 in
1050 3449 1113 3473 non
1128 3439 1206 3474 suh-

157 3493 294 3538 Ιοοίοιιι,
313 3499 347 3531 et
373 3507 447 3532 eam
474 3508 550 3541 quae
578 3508 597 3534 e
618 3509 684 3533 non
697 3498 844 3541 subj0ct0
867 3500 920 3533 est
941 3499 974 3532 in
1004 3499 1203 3542 subjectum.

1058 233 1397 278 FRAGMENTA.

2214 240 2295 280 251

1265 329 1457 372 κινεῖσθαι,
1479 326 1571 365 κατὰ
1590 326 1714 380 χρόνον
1733 326 1834 379 μέν’
1818 343 1857 366 εκ
1876 342 1936 366 του
1954 325 2234 378 παρεληλυθότος
2253 329 2301 372 εἷς

1256 384 1296 423 τὸ
1310 384 1458 435 μέλλον,
1473 384 1536 423 κᾶν
1563 384 1612 437 μὴ
1632 385 1758 438 κυρίως
1781 390 1803 438 ᾐ
1826 384 1971 424 ἐναντία
1989 401 2130 434 ταυτα,
2153 385 2239 458 ὅπερ
2261 386 2301 425 τὸ

1258 443 1320 494 μὲν
1352 445 1589 496 παρεληλυθὸς
1620 447 1666 488 εἷς
1696 445 1734 483 τὸ
1769 445 1903 495 μέλλον
1935 444 2174 496 μεταὸοἱλλει,
2203 445 2242 484 τὸ
2266 445 2302 484 83

1258 503 1384 554 μέλλον
1405 503 1521 542 οὐκέτι
1536 506 1581 547 εἰς
1595 503 1635 541 τὸ
1649 502 1901 556 παρεληλυθός.
1930 502 2031 542 Κατὰ
2051 502 2088 542 δὲ
2104 503 2144 542 τὸ
2162 508 2300 544 κεῖσθαι

1258 562 1317 601 καὶ
1338 562 1534 610 ἐναντιότης
1560 562 1719 616 φαίνεται
1745 565 1806 610 τῆς
1836 562 1992 606 στάσεως
2011 562 2095 614 πρὸς
2114 562 2178 611 τὴν
2198 563 2304 604 καθέ-

1259 623 1342 674 δραν
1371 620 1431 660 καὶ
1460 625 1518 660 τοῦ
1551 626 1701 675 πρηνοῦς
1722 622 1808 673 πρὸς
1838 621 1878 660 τὸ
1911 620 2048 662 ὕπτιον.
2083 621 2155 661 Καὶ
2191 624 2226 661 ἐν
2254 625 2304 676 τῷ

1259 679 1353 732 ἔχειν
1374 680 1410 719 δὲ
1434 680 1615 731 μεταὸολή
1644 683 1718 720 ἐστι
1746 685 1806 719 τοῦ
1827 678 2058 730 ὑποκειμένου
2082 680 2153 720 ἀπὸ
2175 681 2304 735 στερή-

1258 753 1345 782 σεως
1365 741 1427 786 τ’ἧς
1447 739 1644 791 καταφάσει
1676 738 1892 790 δηλουμένης
1925 740 1970 782 εἰς
1990 737 2074 784 ἕξιν.
2099 739 2206 779 Ἀλλὰ
2229 742 2301 792 μή-

1258 812 1342 835 ποτε
1362 800 1380 835 ὁ
1396 797 1636 848 Ἀριστοτέλης
1650 798 1784 844 κίνησιν
1799 800 1845 843 ὡς
1860 797 2062 848 μεταὸολὴν
2082 804 2142 838 τοῦ
2162 801 2306 838 ὑποκει-

1259 854 1364 905 μένου
1392 855 1487 894 κατὰ
1506 857 1658 894 διάθεσιν
1686 857 1901 907 θεασάμενος
1928 858 2052 895 πασῶν
2078 857 2186 903 αὐτὴν
2217 858 2306 897 ἀπέ-

1258 929 1348 966 φησε
1380 917 1450 953 τῶν
1480 918 1653 966 σχετικῶν
1684 918 1903 968 κατηγοριῶν
1937 915 1998 954 καὶ
2033 919 2217 967 ἀμενηνῶν
2244 918 2306 957 καὶ

1258 972 1354 1011 οὐδὲν
1383 974 1542 1025 ἐκφανῶς
1572 973 1614 1012 τὸ
1644 973 1874 1025 ὑποκείμενον
1906 975 2141 1016 διατιθεισῶν.
2164 976 2218 1016 Τὸ
2238 977 2307 1030 γὰρ

1258 1036 1395 1071 κεῖσθαι
1413 1033 1474 1071 καὶ
1501 1033 1542 1072 τὸ
1570 1032 1661 1086 ἔχειν
1692 1033 1855 1086 οὐδεμίαν
1889 1034 1984 1073 δοκεῖ
2014 1037 2064 1087 τῷ
2085 1037 2306 1091 ὓποκειμένῳ

1259 1091 1458 1132 δευσοποιὸν
1483 1091 1636 1132 διάθεσιν
1661 1095 1831 1142 ἐμποιεῖν·
1854 1092 1887 1131 τί
1905 1093 1972 1145 γὰρ
1989 1095 2145 1148 διαφέρει
2163 1099 2212 1148 τῷ
2233 1097 2308 1136 σώ-

1259 1168 1346 1200 ματι
1365 1155 1493 1206 πρηνεῒ
1509 1153 1646 1192 κεῖσθαι
1664 1152 1686 1200 ἢ
1706 1153 1818 1206 ὑπτίῳ
1832 1183 1842 1202 ,
1863 1153 1922 1192 καὶ
1938 1155 2155 1206 περικεῖσθαι
2178 1155 2307 1195 δακτύ-

1257 1213 1331 1252 λιον
1349 1212 1372 1260 ἢ
1394 1213 1464 1265 μή·
1456 1243 1466 1261 ,
1488 1213 1548 1252 καὶ
1570 1212 1626 1251 τὸν
1657 1212 1781 1265 χρόνον
1815 1212 1851 1251 83
1880 1215 1926 1256 ὡς
1955 1214 2089 1266 ἀδρανῆ
2110 1214 2204 1253 δοκεῖ
2223 1215 2307 1254 θεά-

1260 1275 1403 1313 σασθαι.
1441 1271 1598 1321 Τοιαύτη
1621 1272 1657 1312 83
1689 1272 1748 1310 καὶ
1779 1275 1801 1319 ἠ
1824 1273 1916 1311 κατὰ
1937 1272 1976 1311 τὸ
2007 1273 2092 1325 πρός
2110 1289 2144 1312 τι
2164 1275 2308 1327 σχέσις,

1260 1331 1303 1371 δι’
1324 1336 1378 1382 ἧς,
1400 1335 1512 1383 οἶμαι,
1528 1331 1639 1371 καιτὸ
1659 1331 1768 1370 αἴτιον
1787 1331 1976 1377 ἐνεδείξατο
1993 1336 2054 1371 τοῦ
2075 1331 2124 1383 μὴ
2143 1326 2231 1372 εἶναι
2252 1335 2307 1374 κί-

1258 1406 1358 1438 νησιν
1381 1393 1415 1429 ἐν
1435 1397 1510 1435 ταῖς
1539 1395 1716 1443 σχετικαῖς
1743 1390 1971 1443 κατηγορίαις
1987 1391 2027 1430 τὸ
2051 1391 2100 1443 μὴ
2121 1392 2309 1433 διατιθέναι

1259 1449 1299 1488 τὸ
1318 1450 1565 1502 ὑποκείμενον,
1585 1450 1666 1489 ὅταν
1689 1449 1788 1503 λέγῃ·
1808 1449 2063 1503 ἐνδέχεταιγὰρ
2080 1452 2226 1504 θατέρου
2247 1468 2310 1504 με-

1260 1508 1495 1554 ταὸάλλοντος
1514 1508 1744 1556 ἀληθεύεσθαι
1763 1509 1906 1563 θάτερον
1930 1510 2040 1561 μηδὲν
2063 1511 2303 1560 μεταὸάλλον.

1261 1569 1402 1619 (Arist.
1425 1569 1544 1619 Phy.s
1568 1568 1638 1607 lib.
1664 1568 1713 1617 V,
1733 1582 1818 1621 cap.
1847 1583 1869 1607 ο.
1893 1583 1933 1622 p.
1959 1570 2051 1610 225.
2072 1570 2115 1610 b.
2151 1585 2192 1609 11
2208 1573 2220 1623 )-
2240 1572 2308 1612 Διὰ

1260 1626 1321 1672 τὰς
1341 1626 1527 1680 εἰρημένας
1547 1621 1642 1667 οὖν’
1630 1643 1711 1673 ισως
1733 1627 1901 1702 διαφηορὰς
1922 1631 1940 1667 ὁ
1959 1627 2232 1682 Ἀριστοτέλης’
2214 1646 2311 1670 απα-

1260 1686 1395 1740 γορεύει
1423 1687 1560 1735 κίνησιν
1583 1681 1674 1726 εἶναι
1710 1688 1744 1726 ἐν
1765 1687 1840 1732 ταῖς
1860 1688 2062 1740 εἰρημέναις
2081 1689 2310 1743 κατηγορίαις

1262 1743 1462 1796 μεταὸολὴν
1483 1745 1624 1790 πάντως
1647 1749 1736 1784 εἰναι
1762 1749 1955 1799 συγχωρῶν
1976 1748 2010 1785 ἐν
2033 1749 2155 1792 αὐταῖς
2169 1777 2180 1797 ,
2202 1748 2302 1803 εἴπερ

1261 1804 1311 1855 μή
1345 1806 1429 1844 εἷ’σιν
1460 1802 1579 1846 ἀιδιοι.
1615 1805 1661 1846 ‘O
1680 1805 1798 1858 μέντοι
1832 1807 2040 1856 Εὗδημος’
2025 1822 2060 1845 εν
2086 1808 2157 1852 τοῖς
2181 1809 2310 1847 ἑαυτου

1261 1864 1434 1909 Φυσικοῖς
1447 1864 1686 1919 παραφράζων
1700 1864 1743 1902 τὰ
1762 1868 1820 1903 τοῦ
1837 1864 2092 1915 Ἀριστοτέλους
2107 1866 2166 1904 καὶ
2188 1866 2311 1917 εἰπών,

1259 1921 1313 1961 ὅτι
1334 1924 1367 1961 ἐν
1385 1926 1436 1977 τῷ
1454 1923 1540 1978 πρός
1564 1940 1597 1962 τι
1618 1925 1681 1964 οὒκ
1700 1923 1775 1963 ἔστι
1794 1924 1928 1972 κίνησις
1947 1924 2039 1972 πλὴν
2062 1926 2154 1964 κατὰ
2175 1925 2311 1976 συμὸε-

1261 1981 1388 2031 ὅηκός,
1426 1983 1487 2022 καὶ
1515 1981 1577 2031 τὴν
1598 1982 1712 2023 αἰτίαν
1733 1984 1906 2036 προσθείς·
1932 1983 2070 2036 γίνεται
2094 1985 2182 2038 γάρ,
2203 1985 2309 2039 φησί,

1260 2044 1319 2080 καὶ
1336 2042 1409 2081 ἔστι
1429 2044 1469 2082 τὸ
1489 2042 1621 2096 δίπηχυ
1641 2043 1823 2083 διπλάσιον
1843 2043 2004 2092 ἀκίνητον
2017 2043 2055 2083 ὂν
2076 2045 2192 2092 πάντη
2211 2045 2306 2083 πάν-

1260 2116 1327 2144 τως
1347 2101 1530 2152 γινομένου
1563 2104 1778 2155 πηχυαίου),
1802 2103 1862 2142 καὶ
1863 2103 2013 2175 meim'no,
2044 2103 2098 2143 ὅτι
2122 2104 2180 2143 τὸν
2204 2104 2309 2143 αὐτὸν

1260 2159 1386 2213 τρόπον
1421 2160 1483 2200 καὶ
1516 2161 1661 2200 ἐπὶτῶν
1695 2162 1810 2202 ἄλλων
1838 2164 1907 2201 τῶν
1939 2163 2025 2216 πρός
2048 2179 2082 2202 τι
2103 2164 2309 2214 συμὸαίνει,

1262 2218 1447 2270 ἐπήγαγεν·
1468 2237 1482 2254 α
1504 2222 1567 2258 εἶ’
1555 2237 1589 2258 εν
1607 2220 1723 2274 χρόνῳ
1739 2220 1776 2259 83
1792 2221 1888 2283 (leg.
1911 2221 1996 2272 μὲν)
2014 2222 2130 2261 πάντα
2151 2223 2310 2273 κινεῖται,

1261 2276 1388 2330 τρόπον
1412 2278 1447 2316 83
1465 2278 1597 2331 ἄλλον,
1623 2297 1639 2313 »
1660 2283 1781 2328 τοῦτο,
1808 2274 1908 2331 οἶμαι
1922 2280 2236 2334 ,ἐνδεικνύμενος,
2254 2281 2308 2321 ὅτι

1261 2337 1395 2385 κίνησις
1421 2337 1483 2389 μὲν
1504 2340 1572 2377 τῶν
1601 2337 1838 2389 ὑποκειμένων
1860 2339 1952 2378 ἐστὶν
1976 2343 1998 2388 ἡ
2026 2340 2118 2379 κατὰ
2138 2340 2199 2385 τὰς
2221 2342 2308 2395 σχέ-

1263 2413 1353 2450 σεις,
1373 2397 1476 2436 ἄλλον
1498 2397 1534 2436 83
1563 2396 1694 2450 τρόπον
1715 2398 1806 2450 ἤπερ
1823 2397 1915 2436 κατὰ
1934 2398 1996 2443 τὰς
2020 2399 2210 2448 διαθέσεις,
2237 2400 2310 2440 ὥσ·

1261 2471 1327 2508 περ
1350 2455 1454 2494 ἄλλον
1474 2460 1600 2508 τρόπον
1626 2457 1716 2495 κατὰ
1735 2456 1799 2505 τὴν
1830 2458 1973 2506 οὐσίαν,
1995 2457 2048 2497 ὅτι
2068 2459 2145 2497 οὐδὲ
2173 2459 2311 2507 κίνησιν

1262 2516 1382 2554 καλεῖν
1401 2514 1556 2560 ἀξιοῦσιν
1577 2518 1608 2555 οἱ
1635 2515 1703 2555 ἀπὸ
1724 2520 1783 2555 τοῦ
1810 2518 2035 2569 Περιπάτου,
2059 2519 2151 2557 ἀλλὰ
2176 2519 2310 2571 γένεσιν

1262 2590 1323 2613 και
1340 2573 1472 2627 φθορὰν
1494 2574 1550 2612 διὰ
1568 2573 1610 2613 τὸ
1639 2574 1689 2626 μὴ
1720 2575 1903 2627 ὑπομένειν
1937 2576 1978 2616 τὸ
2002 2577 2236 2628 μεταὸάλλον.
2261 2577 2310 2619 ‘O

1265 2633 1383 2685 μέντοι
1410 2633 1676 2687 Θεόφραστος’
1661 2650 1695 2672 εν
1716 2636 1764 2672 τῶ
1784 2635 1915 2689 πρώτῳ
1938 2639 2007 2675 τῶν
2042 2638 2165 2675 ἑαυτοῦ
2189 2638 2307 2677 Φυσι-

1262 2693 1332 2729 κῶν
1355 2705 1415 2728 και
1436 2693 1514 2728 καθ’
1536 2690 1682 2730 ἕκαστον
1712 2691 1809 2744 γένος
1826 2695 1895 2731 τῶν
1916 2696 2134 2747 κατηγοριῶν
2163 2694 2227 2742 τὴν
2255 2695 2310 2734 κί-
2326 2726 2333 2732 .

1261 2765 1361 2797 νησιν
1385 2750 1588 2803 θεωρεῖσθαί
1605 2766 1690 2805 φησι
1705 2752 1847 2807 γράφων
1867 2752 1989 2798 ουτως·
2018 2771 2032 2789 ιι
2051 2753 2131 2806 περὶ
2156 2753 2191 2792 83
2211 2755 2313 2801 κινή-

1265 2827 1351 2855 σεως
1368 2810 1426 2849 τὸν
1449 2810 1511 2863 μὲν
1537 2811 1684 2851 καθόλου
1709 2812 1770 2851 καὶ
1801 2811 1914 2851 κοινὸν
1945 2813 2047 2864 λόγον
2079 2813 2116 2852 οὐ
2154 2813 2310 2865 χαλεπὸν

1268 2871 1459 2910 ἀποδοῦναι
1493 2870 1554 2910 καὶ
1588 2872 1719 2920 εἰπεῖν,
1741 2873 1787 2916 ὡς
1807 2871 1962 2925 ἐνέργειά
1992 2871 2042 2915 τίς
2070 2873 2162 2910 ἐστιν
2185 2873 2312 2920 ἀτελὴς

1265 2932 1326 2968 τοῦ
1348 2929 1493 2981 δυνάμει
1512 2929 1606 2975 ὄντος
1633 2925 1826 2983 ᾕτοιοῧτον
1844 2930 1921 2970 καθ’
1951 2930 2100 2969 ἕκαστον
2120 2931 2218 2982 γένος
2242 2933 2309 2969 τῶν

1265 3145 1347 3182 Quae
1368 3143 1455 3176 enim
1483 3144 1535 3178 est
1564 3152 1582 3177 e
1604 3153 1667 3177 non
1696 3144 1846 3187 subjecto
1869 3144 1903 3176 in
1930 3153 1993 3176 non
2014 3143 2200 3185 subjectum
2214 3170 2222 3184 ,
2249 3152 2313 3176 non

1265 3203 1316 3236 est
1340 3203 1497 3244 mutatio,
1535 3203 1613 3246 quia
1640 3212 1705 3236 non
1732 3205 1783 3237 est
1812 3213 1870 3246 per
1898 3203 2159 3245 oppositionem
2193 3203 2313 3245 quippe

1265 3271 1340 3304 quae
1357 3271 1464 3305 neque
1485 3263 1667 3305 contraria,
1692 3272 1800 3305 neque
1816 3262 2030 3296 contradictio
2047 3262 2101 3296 sit.

1307 3325 1358 3356 55.
1382 3324 1493 3362 Quum
1509 3324 1745 3376 autem‘neque
1765 3323 1798 3356 in
1822 3323 2023 3364 substanfiia‚
2048 3331 2153 3363 noque
2169 3321 2204 3354 in
2223 3321 2312 3354 rela·
2335 3316 2341 3322 ’

1264 3381 1371 3424 tione,
1387 3390 1494 3425 neque
1516 3382 1551 3416 in
1567 3383 1695 3416 actione
1710 3382 1962 3426 perpessIOneve
1985 3381 2028 3414 sit
2043 3383 2170 3421 motus,
2184 3382 2310 3420 restat,

1267 3442 1305 3475 ut
1331 3441 1365 3474 in
1391 3442 1570 3484 qualitate,
1594 3443 1779 3485 quantitate
1803 3444 1837 3476 et
1867 3443 1926 3475 uba·
1949 3440 2176 3474 tantummodo
2200 3442 2312 3473 motus

1266 3500 1309 3534 sit
1327 3513 1336 3534 z
1355 3509 1498 3544 namque
1514 3502 1548 3535 in
1560 3510 1757 3544 unoquoque
1773 3501 1914 3534 istorum
1936 3499 2148 3534 contrarietas
2165 3500 2227 3534 est.
