2508 3776
301 189 382 227 340

353 275 369 289 *
381 271 462 313 ’Ἔτι
482 273 520 310 τὸ
534 272 596 322 μὲν
611 271 820 324 ἁμαρτάνειν
835 270 1010 312 πολυειδές
1024 272 1129 320 ἐστιν,
1147 273 1193 316 ὡς
1207 272 1326 311 εἰπεῖν·

300 334 485 384 πολλαχῶς
516 331 583 382 γάρ
604 346 654 374 τις
677 328 820 368 δύναται
840 329 1065 382 ἁμαρτάνειν.
1096 331 1149 370 Τὸ
1167 330 1234 382 γὰρ
1256 346 1328 368 κα-

299 393 358 429 κὸν
374 391 534 442 ἄπειρον,
555 390 601 432 ὡς
621 391 652 428 οἱ
679 387 905 441 Πυθαγόρειοι
925 388 1062 440 ἔλεγον,
1090 388 1129 427 τὸ
1145 388 1181 427 δὲ
1201 388 1328 440 ἀγαθὸν

299 449 486 503 ὡρισμένον
500 465 534 486 τι
550 447 609 486 καὶ
628 447 900 500 πεπερασμένον·
930 447 991 486 καὶ
1011 447 1068 486 διὰ
1088 451 1190 486 τοῦτο
1211 447 1271 486 καὶ
1291 447 1330 485 τὸ

298 511 486 559 κατορθοῦν
507 507 641 545 ἁπλοῦν
663 506 696 544 τί
711 505 857 544 ἐστικαὶ
878 506 1064 556 μονοειδές.
1089 505 1197 545 “ooev
1216 505 1276 544 καὶ
1291 504 1330 542 τὸ

298 565 359 615 μὲν
378 565 589 616 ἁμαρτάνειν
613 563 726 616 ῥᾴδιόν
746 564 858 609 ἐστιν,
880 561 998 614 ὥσπερ
1030 561 1152 614 τοξότῃ
1173 562 1213 600 τὸ
1235 562 1330 598 ἀπο-

296 623 478 675 τυγχάνειν
514 626 575 660 τοῧ
608 625 750 660 σκοποῦ·
782 620 821 660 τὸ
854 620 889 658 δὲ
925 624 1114 674 κατορθοῦν
1153 618 1328 672 χαλεπόν,

296 681 414 734 ὥσπερ
444 681 482 720 τὸ
510 681 648 732 βάλλειν
671 680 762 718 κατὰ
794 678 938 719 σκοπόν.
967 678 1141 718 Φαίνεται
1171 678 1238 729 ἄρα
1266 677 1324 716 καὶ

297 741 352 778 διὰ
372 745 492 789 τοῦτο,
521 739 583 787 τὴν
605 738 666 790 μὲν
689 738 884 792 ὑπερὸολὴν
917 737 976 776 καὶ
995 737 1059 785 τὴν
1088 737 1238 788 ἔλλειψιν
1266 738 1326 782 τῆς

296 798 423 843 κακίας
443 793 530 837 εἶναι
545 828 555 848 ,
578 796 744 850 (ἀόριστα
774 797 842 850 γὰρ
865 797 1026 848 ἑκάτερον
1043 798 1054 845 )
1072 795 1134 843 τὴν
1153 795 1330 847 μεσότητα

296 859 331 896 δὲ
347 861 408 906 τῆς
425 860 568 910 ἀρετῆς,
585 855 778 910 ὡρισμένην
795 855 854 895 καὶ
872 856 954 907 μίαν
971 850 1091 895 οὖσαν.

387 957 515 990 Ἐσθλοὶ
532 958 587 998 μὲν
605 957 668 1000 γὰρ
684 957 805 996 ἁπλῶς,
827 956 1045 992 παντοδαπῶς
1067 954 1101 987 δὲ
1124 954 1238 987 κακοί.

297 1043 330 1059 “
349 1042 470 1081 Ἔστιν
495 1042 563 1095 ἄρα
592 1045 613 1089 ἡ
634 1038 739 1093 άρετὴ
761 1041 826 1086 ἕξις
841 1041 1087 1093 προαιρετική,
1108 1042 1141 1079 ἐν
1169 1039 1334 1090 μεσότητι

297 1097 382 1140 οὖσα
411 1105 453 1154 τῇ
486 1101 570 1154 πρὸς
601 1104 713 1151 ἡμᾶς,
736 1101 912 1152 ὡρισμένῃ
944 1100 1058 1154 λόγῳ,
1089 1098 1149 1139 καὶ
1170 1101 1215 1143 ὡς
1246 1098 1285 1137 ἂν
1318 1101 1336 1137 ὁ

298 1160 462 1214 φρόνιμος
483 1159 609 1211 ὁρίσειε
626 1189 639 1206 z

352 1218 402 1236 ***
423 1218 582 1265 Μεσότης
603 1218 638 1256 ’δὲ
660 1217 719 1256 δύο
737 1219 888 1266 κακιῶν,
910 1219 970 1263 τ’ἥς
992 1217 1055 1267 μὲν
1081 1219 1158 1255 καθ’
1191 1216 1336 1268 ὑπερδο-

298 1277 378 1325 λήν,
394 1280 454 1323 τῆς
468 1276 504 1314 δὲ
517 1277 596 1314 κατ’
609 1276 773 1328 ἔλλειψιν.
791 1275 866 1322 Τὴν
878 1275 940 1326 μὲν
952 1276 1018 1328 γὰρ
1030 1276 1259 1327 ὑπερὸάλλει,
1275 1278 1336 1322 τῆς

299 1335 336 1373 δὲ
359 1335 522 1374 ἐλλείπει·
544 1335 600 1372 διὰ
626 1334 665 1372 τὸ
683 1333 746 1380 τὴν
777 1333 839 1384 μὲν
859 1336 927 1371 τῶν
950 1336 1081 1372 κακιῶν
1103 1333 1335 1387 ὓπερὸάλλειν

299 1393 338 1431 τὸ
358 1393 452 1441 δέον,
466 1394 527 1439 τὴν
548 1393 582 1430 δὲ
598 1391 888 1443 ὑπερὸάλλεσθαι·
909 1392 971 1438 τὴν
993 1393 1028 1430 δὲ
1050 1392 1176 1444 ἀρετὴν
1198 1391 1235 1430 τὸ
1261 1392 1336 1430 δέον

299 1452 402 1503 μόνον
419 1454 533 1498 ζητεῖν
548 1482 558 1500 ,
580 1450 738 1498 δηλονότι
757 1449 796 1487 τὸ
818 1449 938 1500 μέσον,
961 1450 1020 1488 καὶ
1039 1453 1141 1488 τοῦτο
1159 1450 1260 1500 μόνον
1281 1452 1336 1488 αἱ·

298 1511 444 1564 ρεῒσθαι.
465 1509 581 1548 εὨστε
609 1508 721 1558 εἰμὲν
752 1507 940 1557 ζητοίημεν
975 1508 1060 1547 αὐτὸ
1092 1508 1132 1546 τὸ
1153 1503 1239 1548 εἶναι
1272 1512 1335 1556 τῆς

297 1572 440 1620 ἀρετῆς,
463 1567 612 1618 μεσότης
634 1565 739 1604 ἐστίν·
761 1567 790 1603 εἷ
812 1565 848 1603 δὲ
875 1565 914 1603 τὸ
939 1565 1068 1617 ἀγαθὸν
1085 1567 1192 1613 αὐτῆς
1217 1564 1276 1604 καὶ
1297 1565 1336 1604 τὸ

298 1622 350 1675 εὖ,
374 1626 524 1679 ἀκρότης
543 1625 632 1664 ἐστί.

351 1685 521 1736 (Scripsi
542 1687 557 1705 ⁸
578 1683 697 1734 μῖσος]
714 1683 799 1722 cod.
823 1681 936 1732 μίσος.
948 1703 1001 1712 -
1020 1683 1036 1707 b
1055 1680 1134 1721 καθ’
1152 1681 1189 1725 ἅς
1206 1682 1335 1732 ἐσμεν]

296 1745 414 1794 vulgo
434 1744 509 1782 καθ’
544 1741 582 1786 ἃς
602 1741 718 1792 ἐσμέν.
737 1762 790 1770 -—
810 1742 824 1766 ό
844 1740 936 1778 τοῦτ’
966 1739 1081 1792 ἔστιν]
1103 1741 1221 1790 vulgo
1244 1739 1335 1778 τοῦτ’

296 1803 404 1842 ἐστὶν.
420 1824 473 1832 -
488 1802 505 1824 ‘¹
527 1801 611 1839 ποία
627 1800 678 1844 τίς
697 1802 802 1839 ἐστιν.
819 1803 832 1851 j
858 1801 978 1850 vulgo
999 1800 1085 1838 ποῖά
1103 1799 1154 1843 τίς
1171 1801 1262 1838 ἐστιν
1283 1821 1338 1829 -

302 1863 315 1913 ff
336 1860 548 1911 δεκαπέντε]
565 1860 648 1898 cod.
672 1857 756 1898 δέκα
775 1857 910 1910 πέντε.)

748 1991 840 2040 Κεφ.
862 1988 906 2032 ς’.

298 2091 374 2123 ’Ὁτι
394 2090 452 2122 οὐκ
469 2090 503 2122 ἐν
521 2089 622 2120 παντὶ
634 2087 728 2119 πάθει
741 2089 761 2126 ἢ
773 2087 862 2128 πάσῃ
882 2086 996 2128 πράξει
1019 2085 1169 2125 μεσότης·
1187 2084 1338 2116 καὶκατὰ

373 2138 468 2180 μέρος
478 2137 551 2178 περὶ
568 2138 626 2167 τοῦ
640 2134 686 2171 τίς
702 2134 801 2175 ἀρετὴ
826 2133 922 2164 τίνων
934 2133 1058 2164 κακιῶν
1075 2132 1157 2173 μέση
1180 2131 1262 2163 ἐστί.

351 2237 422 2255 ****
444 2235 623 2288 Προσήκει
642 2234 677 2273 δὲ
691 2234 751 2273 καὶ
769 2235 878 2273 ἐκεῖνο
891 2233 1091 2285 γινώσκειν,
1112 2231 1164 2270 ὅτι
1185 2233 1222 2270 οὖ
1240 2238 1338 2271 πᾶσα

298 2296 424 2349 πρᾶξις
445 2295 522 2333 οὐδὲ
544 2300 613 2333 πᾶν
636 2293 743 2335 πάθος
766 2292 942 2342 μεσότητα
970 2291 1167 2342 ἐπιδέχεται
1187 2289 1249 2337 τὴν
1273 2292 1338 2336 ζη-

299 2355 492 2405 τουμένην,
511 2353 549 2391 τὸ
571 2352 646 2390 δέον
666 2350 837 2398 δηλονότι·
860 2350 935 2388 ἔνια
965 2349 1032 2400 (ὰρ
1052 2352 1137 2399 ὁμοῦ
1156 2349 1214 2386 καὶ
1234 2351 1338 2400 ὓπερ-

303 2414 476 2452 ὅάλλοντα
501 2412 560 2450 καὶ
594 2411 798 2450 ἐλλείποντα
817 2410 877 2448 καὶ
906 2413 939 2448 ἐν
961 2408 1127 2460 μεσότητί
1148 2423 1213 2445 τινι
1233 2407 1336 2456 ὄντα,

299 2473 352 2510 ἀεὶ
384 2471 526 2522 πονηρά
556 2471 656 2508 εἶσιν.
681 2470 803 2507 Οῖον
789 2485 824 2506 εν
853 2467 916 2518 μὲν
938 2468 1084 2505 πάθεσιν
1107 2466 1336 2517 ἀναισΙζυντία

300 2547 360 2570 και
381 2530 517 2583 φθόνος,
543 2531 577 2566 ἓν
599 2529 632 2566 δὲ
655 2527 799 2580 πράξεσι
826 2527 987 2579 μοιχεία,
1012 2526 1146 2572 κλοπή,
1169 2526 1337 2578 ἀνδροφο-

300 2589 368 2627 νία·
398 2589 458 2625 καὶ
487 2588 602 2626 πάντα
627 2592 737 2624 ταῦτα
767 2587 804 2623 οὗ
826 2586 882 2622 διὰ
908 2584 948 2623 τὸ
966 2583 1196 2634 υπερὸάλλειν
1219 2600 1281 2631 την
1302 2586 1336 2622 ἐν

301 2649 417 2691 αὐτοῖς
437 2647 634 2696 μεσότητα,
653 2645 675 2691 ἢ
692 2644 862 2682 ἐλλείπειν
884 2645 1008 2689 αὖτ’ἦς,
1028 2644 1143 2696 φαῦλα
1162 2642 1335 2693 λέγονται,

302 2705 392 2743 ἀλλὰ
412 2704 501 2742 αὐτὰ
521 2703 597 2742 καθ’
619 2702 726 2741 εαυτὰ
758 2702 893 2753 πονηρά
913 2703 1013 2742 εἰσιν.
1052 2704 1129 2740 Οὐκ
1158 2701 1249 2739 ἔστιν
1277 2705 1336 2740 οὖν

302 2764 464 2801 οὐδέποτε
492 2762 530 2799 τὸ
553 2761 625 2800 δέον
657 2762 691 2798 ἐν
720 2766 791 2803 τοῖς
819 2760 1008 2810 τοιούτοις,
1041 2759 1117 2798 οὐδὲ
1147 2755 1336 2812 κατορθοῦν

303 2822 396 2859 ἐστιν
417 2822 451 2858 ἐν
475 2820 610 2869 αὐτοῖς,
636 2818 726 2857 ἀλλὰ
764 2819 818 2855 ἀεὶ
840 2819 1066 2870 ἁμαρτάνειν·
1097 2819 1168 2857 οὐδ’
1189 2817 1283 2856 ἔστιν
1303 2821 1336 2856 ἐν

304 2881 419 2922 αὒτοῖς
447 2877 674 2930 προδιορίζειν
689 2906 699 2925 ,
720 2876 877 2928 καθάπερ
899 2877 958 2915 καὶ
979 2879 1012 2915 ἐν
1041 2878 1110 2921 τοῖς
1132 2878 1246 2921 ἄλλοις
1267 2878 1336 2916 πά-

302 2941 374 2976 θεσι
387 2967 397 2985 ,
415 2937 454 2975 τὸ
471 2939 516 2980 ὡς
530 2938 581 2975 δεῖ
603 2936 661 2973 καὶ
681 2935 735 2973 ὅτε
756 2936 815 2972 δεῖ·
831 2936 868 2972 οὖ
884 2934 950 2987 γὰρ
970 2936 1238 2988 προδιοριστέον,
1258 2936 1336 2982 τοὺς

301 2995 534 3048 τοιχωρύχους
555 2997 626 3038 πῶς
646 2995 696 3031 δεῖ
711 2993 882 3041 κλέπτειν,
897 2995 955 3031 καὶ
975 2995 1056 3033 πότε
1068 3026 1078 3045 ,
1097 2995 1156 3033 καὶ
1170 2995 1259 3042 τίνα,
1276 2996 1335 3033 καὶ

302 3051 400 3104 παρὰ
420 3052 535 3099 τίνων,
557 3052 646 3089 ἀλλὰ
667 3052 785 3094 ἁπλῶς
802 3050 840 3088 τό
854 3066 886 3087 τι
903 3051 1031 3090 τούτων
1050 3054 1158 3091 ποιεῖν
1177 3052 1335 3104 ἁμαρτά-

301 3127 371 3150 νειν
392 3110 496 3148 ἐστίν.

355 3167 444 3185 *****
456 3170 510 3207 Οὔ
524 3168 634 3205 τοίνυν
652 3166 744 3205 ἐστὶν
761 3168 795 3203 ἐν
812 3170 881 3211 τοῖς
897 3167 1059 3212 τοιούτοις
1077 3169 1238 3218 μεσότης,
1258 3169 1334 3207 οὐδὲ

303 3225 478 3278 ὖπερὸολὴ
496 3225 555 3264 καὶ
568 3226 731 3277 ἔλλειψις,
747 3223 864 3276 ὥσπερ
881 3225 956 3262 οὐδὲ
978 3227 1129 3273 ἀδικίας,
1152 3226 1173 3272 ἢ
1193 3226 1331 3274 δειλίας,

801 3301 1486 3310 —.—-———-—.—.—-..

344 3344 360 3360 *
377 3343 449 3376 Eu
470 3345 506 3376 τὸ
525 3344 582 3385 μἐι
604 3343 798 3386 ἁμαρτάνειν
815 3344 983 3384 nomez&
997 3344 1064 3374 ἐστι
1082 3345 1150 3375 κτλ.

302 3389 380 3408 ****
399 3392 446 3423 Οὐ
458 3394 550 3423 πᾶσα
566 3391 593 3422 δ’
610 3391 789 3432 ἐπιδέχεται
808 3401 874 3431 πρά
855 3391 936 3430 Ξξις,
960 3401 984 3421 ο
982 3390 1032 3421 :ese
1058 3393 1122 3422 πᾶν
1152 3392 1221 3423 κτλ.

1117 183 1395 224 ANDRONICI
1423 182 1603 223 RHODII

1430 277 1566 317 Insuper
1581 274 1696 308 multis
1710 274 1817 308 modis
1834 283 1969 318 peccare
1990 276 2085 318 licet;
2113 277 2275 321 siquidem
2291 270 2431 318 (linui

1389 335 1542 377 peccandi
1558 335 1642 368 ratio
1658 336 1718 368 est.
1737 335 1868 368 Etenim
1882 336 2026 376 malum,
2050 339 2088 370 ut
2103 337 2315 380 Pythagorici
2330 335 2449 405 Μ

1389 395 1489 434 bant,
1514 395 1674 428 infinitum
1694 396 1763 434 est,
1782 394 1904 428 bonum
1927 404 2005 429 vero
2023 395 2194 430 definitum
2209 406 2248 431 ac
2264 385 2455 432 terminum

1389 457 1490 488 tum:
1506 455 1645 498 ideoque
1666 457 1754 488 recte
1772 455 1880 489 facere
1894 465 1948 489 res
1966 458 2017 489 est
2032 457 2171 500 simplex
2190 459 2225 492 et
2238 447 2448 502 ιιιιίἰοτωὴι
2457 466 2460 470 ’

1391 514 1501 551 Quare
1525 513 1625 546 etiam
1648 513 1743 547 facile
1758 516 1806 548 est
1821 523 1974 557 peccare,
1993 515 2078 549 sicut
2090 516 2259 558 sagittario
2273 516 2427 551 aberrare

1390 581 1409 604 a
1424 580 1548 614 scopo·
1569 574 1603 605 at
1620 574 1710 606 recte
1720 572 1828 607 facere
1844 572 1977 607 difficile
1996 577 2055 613 est,
2071 575 2156 608 sieut
2168 584 2304 618 scopum
2314 573 2424 611 &rire

1389 630 1530 671 Apparet
1545 638 1621 672 ergo
1633 639 1674 663 ex
1686 629 1749 663 hoc
1761 640 1904 674 quoque,
1924 631 2062 664 nimium
2073 634 2106 665 et
2117 641 2236 675 parum
2249 631 2293 666 ad.
2307 628 2428 674 'vitium

1390 687 1552 729 pertinere
1563 713 1573 730 ‚
1591 689 1793 732 (utrumque
1808 690 1895 722 enim
1919 689 2126 723 indefinitum
2148 691 2232 734 est),
2249 689 2428 725 mediocri-

1390 747 1493 779 tatem
1525 756 1603 780 vero
1630 749 1673 782 ad
1703 748 1882 788 virtutem,
1915 758 1991 791 quae
2018 749 2150 782 definita
2177 751 2228 783 est
2254 750 2288 783 et
2305 748 2424 793 unia.
2475 742 2479 781 s

1393 805 1521 838 Etenim

2478 826 2499 982 reem-..4202-
2479 799 2482 801 “

1562 971 1809 1007 Simpliciterque
1825 970 1896 999 'boni
1911 973 1996 1005 sunt,
2020 970 2165 1008 varieque
2177 970 2268 1000 mali.

1395 1051 1453 1082 Est
1466 1048 1566 1090 igitur
1584 1048 1635 1081 vi1
1639 1051 1691 1080 tus
1704 1048 1837 1081 habitus
1857 1048 1900 1081 ad
1913 1049 2085 1082 consilium
2100 1048 2215 1091 agendi
2295 1047 2426 1091 endum

1394 1074 1585 1132 aplus,1ni
1607 1090 1639 1121 in
1660 1089 1886 1121 mediocritate
1903 1090 1946 1122 ad
1958 1099 2018 1122 nos
2038 1090 2140 1123 relata
2166 1089 2272 1123 comis
2287 1088 2329 1128 ἱις

1394 1116 1758 1205 (ιριῦιέιιῐιιιιοιιηειῑίοειίιεε
1777 1130 1902 1162 ratione
1928 1130 2062 1164 definita
2089 1131 2150 1169 est,
2166 1132 2212 1163 et
2228 1132 2268 1163 ιιι

1435 1229 1644 1263 Mediocritas
1659 1231 1771 1262 autem
1790 1238 1847 1262 seu
1862 1229 2009 1261 medium
2030 1231 2082 1262 est
2100 1228 2243 1261 duorum
2255 1227 2427 1270 vitiorum.L

1395 1288 1492 1320 unius
1512 1286 1603 1328 quod
1622 1296 1662 1320 ex
1684 1287 1805 1327 nimie,
1825 1286 1962 1319 alterius
1978 1285 2069 1329 quod
2092 1295 2135 1320 ex
2150 1294 2190 1320 eo
2204 1285 2296 1330 quod
2315 1294 2434 1333 parum
2488 1294 2491 1295 ’

1394 1349 1445 1380 cst
1461 1346 1616 1379 nascitur.
1632 1346 1781 1378 Alterum
1796 1345 1884 1378 enim
1909 1346 2058 1387 superat,
2084 1345 2189 1379 altero
2205 1346 2320 1379 autem
2332 1352 2433 1388 mpe-
2483 1363 2490 1370 ν

1395 1407 1487 1437 ratur
1507 1404 1608 1446 :quia
1623 1404 1763 1437 alterum
1778 1403 1935 1436 vitiorum
1964 1405 2098 1447 superat
2117 1403 2154 1438 id
2179 1401 2273 1447 quod
2296 1404 2431 1438 rectum
2459 1438 2462 1448 ⁵
2485 1411 2497 1434 κ

1395 1466 1445 1497 est
1456 1494 1465 1508 ,
1485 1463 1626 1497 alterum
1639 1472 1678 1495 eo
1695 1464 1870 1505 superatur
1880 1474 1890 1503 3
1907 1462 2015 1496 virtus
2032 1471 2112 1497 vero
2132 1460 2170 1496 id
2186 1462 2295 1496 solum
2313 1461 2436 1505 querit
2460 1454 2461 1457 ¹
2490 1471 2492 1474 ’

1396 1522 1486 1564 quod
1501 1524 1629 1555 rectum
1648 1524 1717 1561 est,
1736 1521 1799 1554 hoc
1813 1523 1873 1561 est,
1896 1521 2044 1555 medium
2056 1521 2231 1564 solumque
2245 1520 2310 1555 hoc
2325 1519 2435 1562 sequi-

1394 1582 1461 1614 tur.
1479 1581 1595 1623 Itaque
1609 1580 1638 1613 si
1653 1580 1829 1613 essentiam
1851 1579 1987 1613 virtutis
2005 1587 2196 1623 quaeramue
2207 1604 2216 1619 ,
2231 1578 2296 1612 ετιι
2307 1577 2436 1612 medio-

1396 1638 1519 1671 critas:
1557 1639 1606 1671 sin
1623 1638 1766 1677 bonum,
1787 1637 1878 1680 quod
1902 1638 1937 1671 in
1963 1647 2003 1671 ea
2019 1639 2070 1671 est
2097 1646 2137 1671 ac
2159 1638 2298 1676 rectum,
2323 1637 2436 1671 extre-

1393 1697 1502 1729 mitas.

2373 1138 2432 1162 ens
2491 1109 2503 1148 Ῑ

1827 1980 1906 2021 Gap.
1926 1980 1984 2011 vl.

1397 2077 1463 2103 Non
1488 2074 1520 2101 in
1534 2073 1617 2102 omni
1634 2070 1746 2102 affectu
1762 2072 1810 2101 vel
1822 2073 1942 2101 actione
1962 2079 2024 2100 esse
2043 2070 2280 2100 mediocritatem
2296 2076 2307 2099 ι
2326 2069 2440 2100 deinde
2494 2070 2508 2090 ¹

1483 2119 1667 2155 singulatim,
1680 2127 1746 2155 quae
1758 2119 1858 2148 virtus
1871 2125 2001 2154 quorum
2020 2116 2165 2146 vitiorum
2176 2116 2218 2145 ait
2230 2115 2342 2146 media:
2501 2122 2508 2161 ff

1440 2242 1505 2275 Sed
1516 2244 1549 2274 et
1562 2243 1644 2275 illud
1658 2241 1826 2274 sciendum
1844 2243 1915 2277 est,
1932 2249 1997 2272 non
2010 2248 2139 2275 omnem
2156 2239 2316 2273 actionem
2328 2246 2436 2281 neque
2499 2239 2508 2278 2³,

1398 2310 1527 2334 omnem
1545 2299 1723 2338 affectum,
1742 2309 1814 2332 eam
1831 2308 1931 2342 quam
1949 2299 2132 2340 quaerimus
2145 2323 2154 2339 ,
2176 2297 2432 2336 mediocitatem.
2504 2298 2508 2299 ⁷

1398 2360 1459 2392 hoc
1475 2362 1535 2397 est,
1555 2359 1661 2400 ipsum
1680 2357 2012 2396 rectum-admittere
2035 2370 2043 2389 :
2062 2355 2216 2398 quaedam
2237 2355 2344 2394 enim,
2364 2354 2436 2387 slve

1393 2417 1484 2459 justo
1505 2418 1628 2459 majora
1652 2416 1721 2449 sive
1747 2416 1892 2456 minora,
1915 2415 1985 2448 sive
2000 2414 2042 2447 ad
2063 2414 2323 2447 mediocritatem
2342 2421 2436 2446 revo-

1397 2479 1470 2509 cata
1490 2478 1579 2515 sunt,
1607 2484 1735 2516 semper
1764 2475 1850 2507 mala
1874 2483 1946 2507 esse
1979 2474 2125 2516 apparet.
2153 2471 2306 2514 Exempli
2330 2470 2436 2513 grath

1396 2534 1432 2568 in
1449 2534 1625 2567 affectibus
1651 2533 1854 2575 impudentia
1877 2534 1911 2565 et
1927 2532 2051 2566 invidia
2066 2542 2075 2564 ε
2093 2531 2128 2564 in
2143 2530 2326 2564 actionibus
2339 2529 2437 2562 adul·-

1396 2591 1528 2630 terium‚
1560 2590 1698 2628 furtum,
1723 2589 1967 2622 homicidium:
1992 2591 2026 2622 et
2043 2590 2163 2622 caetera
2189 2588 2290 2630 huius
2307 2587 2434 2630 generis

1396 2650 1504 2682 omnia
1522 2659 1586 2682 non
1605 2649 1694 2691 quod
1707 2648 1968 2681 mediocritatem
1989 2647 2069 2690 ipsis
2086 2646 2252 2690 propriam
2266 2645 2430 2687 superent,

1396 2711 1454 2741 aut
1471 2708 1502 2741 ei
1524 2708 1651 2746 cedant,
1666 2708 1753 2740 mala
1771 2707 1944 2746 dicuntur,
1959 2706 2019 2740 sed
2033 2706 2104 2748 ipsa
2118 2714 2177 2748 per
2189 2713 2225 2738 sc
2242 2703 2322 2737 talia
2342 2704 2431 2736 sunt.

1397 2767 1617 2806 Quamobrem
1636 2775 1804 2809 nunquam
1819 2767 1855 2799 in
1873 2766 1915 2800 iis
1942 2765 2098 2811 decorum
2126 2766 2196 2804 est,
2221 2771 2330 2807 neque
2344 2763 2435 2796 recte

1396 2826 1574 2868 quisquam
1591 2826 1669 2858 facit
1684 2826 1718 2858 in
1740 2826 1782 2858 iis
1794 2851 1803 2867 ,
1823 2825 1882 2858 sed
1906 2834 2034 2867 semper
2051 2823 2201 2867 peccabit
2219 2834 2229 2855 ι
2254 2821 2314 2856 sed
2327 2829 2434 2864 neque

1395 2885 1431 2917 in
1455 2885 1521 2917 illis
1538 2886 1577 2917 ut
1594 2885 1629 2917 iu
1651 2884 1724 2917 aliis
1748 2883 1924 2917 affectibus
1947 2883 2155 2926 praestituere
2174 2881 2351 2925 quisquam
2372 2889 2437 2923 po-

1395 2946 1471 2983 test,
1499 2942 1664 2986 quomodo
1679 2944 1828 2985 oporteat
1843 2944 1877 2975 et
1904 2942 2058 2984 quando:
2079 2941 2165 2974 sicut
2183 2948 2280 2973 nemo
2306 2937 2432 2982 perfos-

1395 3002 1462 3035 sori
1479 3002 1643 3045 parietum
1666 3001 1851 3044 praestituet
1864 3027 1872 3040 ‚
1893 3000 2059 3043 quomodo
2087 2999 2190 3032 furari
2217 3001 2276 3032 aut
2299 2997 2431 3042 quando
2504 3040 2505 3049 ἵ

1394 3064 1453 3095 aut
1468 3070 1556 3103 quae,
1572 3063 1630 3094 aut
1643 3070 1662 3093 a
1677 3070 1744 3103 quo
1761 3048 1920 3102 oporteat,
1938 3059 2018 3102 quia
2033 3058 2224 3100 simpliciter
2235 3059 2270 3091 et
2281 3057 2431 3091 absolute
2466 3092 2467 3097 ,
2505 3052 2508 3060 ⁶

1393 3122 1526 3165 quidvis
1537 3122 1656 3154 horum
1675 3121 1849 3154 admittere
1864 3129 1998 3163 peccare
2014 3116 2075 3153 εει.
2361 3104 2368 3111 “

1436 3180 1655 3218 Quamobrem
1670 3189 1777 3222 neque
1799 3179 1835 3212 in
1857 3179 1921 3211 hoc
1936 3187 2051 3220 genere
2072 3177 2281 3210 mediocritas
2303 3177 2355 3210 est
2369 3177 2429 3210 aut

1392 3222 1593 3271 nimium'et
1615 3247 1751 3280 parum,
1779 3246 1885 3280 neque
1905 3236 1938 3269 in
1961 3236 2122 3278 injustitia
2151 3237 2209 3268 aut
2232 3234 2427 3275 timiditate,

1172 3361 1211 3366 -
1225 3344 1258 3360 **
1278 3344 1389 3376 Ἔστιν
1413 3346 1476 3387 ἄρα
1499 3348 1518 3383 ἡ
1545 3339 1644 3388 ἀρετὴ
1658 3346 1726 3377 κτλ.
1742 3363 1784 3369 -—
1803 3344 1857 3362 ***
1877 3344 2024 3382 Μεσὸτης
2043 3343 2076 3375 δὲ
2093 3343 2148 3375 δύο
2160 3343 2284 3375 κακιῶν
2299 3342 2370 3374 κτλ.
2385 3353 2426 3363 *-

1245 3409 1285 3413 -—
1304 3389 1402 3410 *ἀμ*
1423 3390 1562 3432 ’Ὀμοιον
1581 3392 1637 3425 οὖν
1653 3393 1692 3424 τὸ
1705 3392 1810 3429 ἀξιοῦν
1828 3391 1883 3424 καὶ
1901 3391 1974 3433 περὶ
1990 3391 2028 3422 τὸ
2042 3390 2165 3422 ἀδικεῖν
2181 3389 2250 3422 κτλ.
