2508 3776
280 291 382 330 οὒκ
408 290 502 330 ἔστιν
533 294 699 335 ἐναντίον·

296 343 417 395 μία.
445 342 531 385 Ἔτι
557 349 581 395 ἡ
604 348 667 400 μὲν
674 314 854 424 ,ἐπιθυμία
887 355 1031 408 λυπηρά
1060 360 1152 404 ἐστι,

98 406 117 428 ‘1
178 384 227 418 ἕ*
243 401 325 452 ἡδὺ
337 402 393 442 ἀεὶ
414 405 690 458 ἀντικείμενον’
670 424 762 463 εχει,
777 411 884 464 (πρὸς
907 414 992 453 αὐτὸ
1011 415 1079 470 γὰρ
1098 415 1154 457 ἀεὶ

250 462 279 515 ·)
299 464 322 511 ἡ
343 463 380 503 δὲ
398 465 600 520 προαίρεσις
619 466 698 508 οὔτε
718 471 892 525 λυπηρά2
877 489 992 523 εστιν,
1011 474 1093 515 οὔτε
1110 475 1151 516 τὸ

167 558 187 568 ,Α
226 521 428 574 ικείμενον
448 524 536 578 ἔχει.

199 577 284 623 Ἔτι
302 582 339 621 δὲ
354 583 433 623 οὗδὲ
449 586 468 623 ὁ
489 585 596 637 θυμὸς
611 587 850 640 προαίρεσίς’
834 605 907 629 εστι
920 593 1006 642 ,καὶ
1026 594 1148 648 πολλῷ

202 654 262 689 σν,
283 639 307 689 ἢ
326 642 349 688 ἡ
377 643 562 695 ἐπιθυμία·
590 643 720 693 ἥκιστα
747 646 815 700 γὰρ
835 648 894 688 διὰ
922 650 1028 702 θυμὸν
1050 653 1150 705 γινό-

133 704 155 734 Ἀ
178 724 182 730 ·
216 698 311 739 κατὰ
326 701 533 755 προαίρεσιν
553 695 642 742 εἶναι
660 704 772 745 δοκεῖ.

153 756 325 800 θ’Δλλὰ
336 758 409 810 μὴν
427 761 505 800 οὐδὲ
518 761 684 814 βούλησίς
695 765 788 803 ἐστιν
802 766 825 812 ἡ
841 766 1055 819 προαίρεσις·
1069 768 1141 808 καί

121 827 134 845 2
128 770 321 885 ἒῆγιστα
339 811 429 858 εἶναι
443 822 556 860 ταῦτα
577 822 683 862 δοκεῖ.
704 821 754 862 Ἢ
779 823 843 874 μὲν
861 823 930 878 γὰρ
946 826 1149 879 προαίρεσις

134 864 344 925 30¹:th
373 879 565 920 ἀδυνάτων·
588 882 628 921 οὗ
660 880 729 936 γὰρ
749 884 1012 937 προαιρούμεθα
1040 885 1148 926 ἵπτα-

169 934 255 986 ἢ
267 937 436 979 ἀθάνατοι
456 932 566 988 εἶναι,
596 940 687 980 ἀλλὰ
712 940 925 994 βουλόμεθα·
946 946 989 996 (ὁ
1013 945 1082 998 γὰρ
1103 946 1147 985 τὰ

110 1031 119 1051 ,-
158 1003 164 1006 ”
191 1011 245 1036 α
275 996 551 1050 προαιρούμενος
583 998 704 1047 δοκοίη
740 998 781 1038 ἂν
804 1000 936 1047 ἠλίθιος
965 995 1066 1041 εἶναι·
1079 1004 1091 1055 )
1122 1007 1144 1052 ἡ

114 1051 120 1054 ’
141 1051 155 1064 ²
215 1069 300 1101 ισις
312 1055 382 1109 ἄρα
397 1058 462 1096 οὐκ
477 1057 551 1096 ἔστι
570 1058 748 1110 βούλησις.
769 1059 844 1101 Καὶ
863 1060 1059 1112 βουλόμεθα
1080 1062 1144 1113 μὲν

104 1163 107 1165 ‚
207 1130 266 1159 -ις
279 1114 373 1168 ἅπερ
389 1116 457 1169 οὐχ
473 1118 577 1167 ἡμεῖς
596 1117 715 1167 αὐτοί,
735 1119 813 1158 ἀλλ’
844 1116 955 1171 ἕτεροι
974 1123 1145 1160 ποιοῦσιν·

154 1200 198 1223 ,
149 1174 404 1230 ὑποκριτήν
418 1189 507 1214 τινα
517 1181 618 1230 νικᾷν
634 1179 703 1215 τῶν
723 1178 759 1216 ἐν
774 1181 818 1231 τῇ
839 1182 951 1232 σκηνῇ
963 1210 974 1229 .,
989 1178 1011 1227 ἢ
1033 1181 1144 1229 ἄθλη-

163 1236 436 1288 ·προαιριῖται
467 1235 504 1276 δὲ
535 1239 648 1275 ταῦτα
678 1237 804 1288 οὐδείς,
830 1237 907 1278 ἀλλ’
931 1236 998 1278 ὅσα
1030 1239 1142 1279 οἴεται

81 1290 256 1344 paeon·
282 1292 329 1334 ἃν
347 1295 394 1335 δι’
409 1296 530 1336 αὑτοῦ.
547 1300 564 1320 ⁰
577 1291 662 1336 Ἔτι
681 1299 704 1344 ἡ
723 1296 803 1368 μὲνω
810 1296 977 1351 βούλησις
1004 1301 1065 1338 τοῦ
1084 1298 1143 1338 τέ-

61 1365 104 1405 ὲῃ
194 1352 290 1393 ἔστὶν
317 1353 392 1404 ἀεί,
408 1357 432 1403 ἡ
453 1352 491 1393 δὲ
521 1353 724 1408 προαίρεσις
755 1358 826 1395 τῶν
854 1355 941 1409 πρὸς
966 1355 1006 1395 τὸ
1039 1356 1136 1402 τέλος

88 1404 118 1413 ⁴¹
183 1423 283 1452 των·
305 1412 504 1466 βουλόμεθα
525 1413 589 1466 μὲν
608 1413 677 1467 γὰρ
696 1414 760 1464 τὴν
781 1415 934 1467 ὑγίειαν,
949 1431 1142 1470 προαιρου-

166 1471 244 1512 δὲ
263 1471 288 1511 ἃ
305 1488 394 1525 προς
412 1471 522 1520 αὐτὴν
549 1471 665 1526 φέρει,
687 1473 748 1513 καὶ
768 1475 814 1513 δι’
835 1467 883 1514 ὧν
910 1475 1003 1514 ἐστιν
1031 1475 1142 1527 ὑγιαί-

66 1571 85 1581 ἡ,
164 1529 268 1570 fui
272 1529 336 1579 τὴν
360 1529 424 1583 μὲν
439 1531 662 1591 εὐδαιμονίαν
682 1533 743 1572 καὶ
751 1533 963 1608 βουλόμεθα
991 1533 1055 1573 καί
1072 1549 1141 1588 φα-

75 1581 122 1604 ”’””’“
168 1587 191 1615 ¹
203 1588 407 1641 βούλεσθαι,
421 1588 667 1644 προαιρεῖσθαι
681 1592 716 1631 δὲ
727 1594 767 1631 οὒ
783 1592 912 1645 λέγομε
914 1609 944 1631 ν·
961 1592 1038 1632 ἐπεὶ
1050 1594 1139 1644 μηδὲ

215 1763 326 1808 ,Ἀλλὰ
339 1765 411 1820 μὴν
425 1766 504 1808 οὖδὲ
517 1766 599 1814 δόξα
616 1768 725 1809 ἐστίν.
741 1767 788 1809 Ἦ
800 1768 862 1821 μὲν
876 1769 944 1822 γὰρ
962 1770 1042 1816 δόξα
1057 1771 1137 1825 περὶ

145 1849 153 1864 ³.
185 1848 190 1859 s
231 1825 380 1878 ὁμοίως
393 1825 469 1867 ἐστὶ
490 1826 553 1866 καὶ
578 1827 624 1867 τὰ
656 1827 775 1877 ἀΐδια,
805 1828 866 1868 καὶ
887 1828 930 1868 τὰ
963 1831 1016 1884 ἐφ’
1034 1831 1118 1882 ἡμῖν

69 1882 213 1934 μὶντὰ
226 1883 394 1926 ‹ia-tvm«-
414 1887 439 1934 ἡ
459 1885 496 1925 δὲ
509 1886 710 1940 προαίρεσις
724 1889 793 1926 τῶν
812 1889 864 1940 ἐφ’
883 1891 998 1940 ἡμῖν’
983 1905 1058 1929 εστι
1077 1890 1139 1941 μό-

78 1990 81 1997 *
119 1973 162 1997 Α
151 1963 153 1967 ⁴
177 1949 194 1969 ⁰
206 1941 294 1985 Ἔτι
310 1947 335 1993 ἡ
352 1943 434 1991 δόξα
453 1947 505 1999 τῷ
522 1947 641 1999 ψευδει
656 1946 716 1985 καὶ
732 1949 781 2000 τῷ
795 1948 917 1995 ἀληθεῖ.
936 1949 1063 2002 διαιρε”
1052 1965 1134 1988 ιται·

71 1990 162 2040 η’
156 2001 236 2056 μὲν
255 2003 324 2058 γὰρ
337 2006 406 2044 τῶν
421 2003 526 2050 δοξῶν
549 2005 663 2053 ἀληθῆ
681 2005 845 2056 λέγομεν,
865 2006 928 2053 τὴν
947 2006 983 2045 δὲ
1004 2009 1130 2060 ψευδῆ·

48 2061 113 2112 τίῆ
129 2061 387 2117 δὲτροαίρεσις
405 2067 457 2116 τῷ
480 2066 600 2117 ἀγαθῶ
617 2080 677 2103 και
697 2067 746 2117 τῷ
765 2068 866 2119 κακῷ
887 2066 1023 2116 μᾶλλον
1041 2069 1133 2107 διαι-

33 2137 55 2147 ³*
78 2125 212 2177 ρἐκαι·
237 2121 302 2171 τὴν
324 2122 388 2174 μὲν
408 2123 477 2176 γὰρ
503 2127 565 2163 τοῦ
583 2125 716 2176 ἀγαθοῦ
733 2126 900 2177 λέγομεν,
917 2125 980 2172 τὴν
1002 2125 1038 2165 δὲ
1074 2130 1135 2166 τοῦ

55 2175 57 2178 ’
86 2182 302 2236 'cmv-'1⁸¹3'
321 2181 387 2234 μὲν
419 2176 478 2220 οὖν
507 2182 658 2221 καθόλου
689 2182 772 2236 δόξῃ
796 2184 921 2223 ταύτὸν
951 2189 1040 2224 εἶναι
1071 2186 1134 2234 τὴν

41 2235 47 2251 ⁵
86 2238 295 2312 προαίρεσιν
314 2240 430 2280 οὐδενὶ
452 2241 558 2280 δοκεῖ·
577 2242 616 2280 οὗ
637 2241 742 2293 μόνον
759 2242 796 2282 δὲ
819 2246 863 2295 τῇ
885 2243 1035 2283 καθόλου
1054 2245 1134 2298 δόξῃ

39 2297 59 2336 ἶ.
88 2299 154 2341 οὔκ
166 2297 244 2339 ἔστι
261 2298 413 2350 ‘tufi-cdv,
431 2297 509 2337 ἀλλ’
529 2282 611 2338 ουδέ
626 2315 711 2341 τινι.

75 2347 237 2410 fass'ff-ss*
248 2357 335 2399 Ἀπὸ
351 2357 415 2411 μὲν
431 2357 499 2411 γὰρ
514 2360 577 2405 τ’ἥς
590 2359 828 2413 προαιρέσεως
843 2361 935 2400 ποιοί
947 2361 1062 2407 τινεςῐ
1080 2378 1133 2415 γι-

218 2418 298 2473 ·τῷ
313 2417 382 2472 γὰρ
399 2421 645 2472 προαιρεῖσθαι
660 2419 703 2458 τὰ
720 2419 815 2459 κακὰ
832 2420 936 2460 κακοὶ
953 2421 1135 2474 γινόμεθα,

149 2477 211 2531 ἦ
223 2481 478 2530 προαιρεῖσθαι
493 2476 539 2516 τὰ
557 2476 672 2530 ἀγαθὰ
687 2479 833 2529 ἀγαθοί·
854 2479 924 2518 ἀπὸ
941 2481 977 2519 δὲ
994 2497 1056 2528 της
1078 2482 1134 2520 δό-

152 2536 292 2580 ωτι.
308 2533 396 2578 'En
412 2536 675 2591 προαιρούμεθα
695 2536 758 2588 μὲν
778 2538 945 2591 πράττειν
965 2555 1019 2588 τι,
1037 2538 1059 2586 ἢ
1083 2541 1132 2591 μὴ

151 2592 154 2594 v
232 2597 252 2636 ν
265 2627 276 2647 ,
296 2595 418 2637 λιὸεἷν
432 2611 486 2645 τι,
506 2595 529 2644 ἢ
547 2602 666 2650 φυγεῖν
684 2612 718 2635 τι
738 2600 807 2636 τῶν
824 2598 1004 2638 τοιούτων·
1031 2599 1132 2646 δοξά-

144 2648 209 2710 xJ}
248 2654 404 2706 gutiam
423 2655 443 2695 ὃ
463 2655 748 2709 προαιρούμεθα,
767 2656 789 2704 ἢ
811 2657 898 2697 ἄλλο
912 2674 971 2706 τι,
989 2664 1005 2688 8
1025 2657 1048 2706 ἢ
1065 2659 1134 2698 τίνι

241 2729 275 2763 ι,
294 2713 320 2764 ἢ
335 2718 426 2760 πῶς·
447 2715 568 2755 λαὸεῖν
590 2714 650 2762 δέ,
670 2714 693 2763 ἢ
713 2721 835 2769 φυγεῖν
855 2732 909 2765 τι,
932 2716 954 2764 ἢ
975 2717 1129 2772 ἑλέσθαι,

143 2768 195 2826 [7
255 2777 318 2823 τῆς
345 2773 458 2824 δόξης·
477 2777 499 2823 ἡ
521 2773 590 2828 ἄρα
619 2774 820 2828 προαίρεσις
841 2778 903 2815 οὐκ
926 2774 1001 2814 ἔστι
1029 2775 1128 2821 δόξα.

143 2837 210 2884 ἡ
225 2832 288 2885 μὲν
306 2832 511 2887 προαίρεσις
532 2835 750 2882 ἐπαινεῖται,
771 2833 854 2872 ὅταν
877 2833 1129 2885 προαιρώμεθα

108 2909 116 2921 ·-
163 2906 192 2923 ·
210 2896 236 2942 ἡ
252 2891 290 2932 δὲ
305 2892 387 2940 δόξα
399 2893 607 2942 ἓπαινεῖται,
622 2891 704 2931 ὅταν
725 2891 921 2943 δοξάζωμεν
938 2891 982 2930 τὰ
998 2893 1129 2941 ἀληθῆ.

52 2949 122 3006 ,45⁵
136 2943 142 2947 .
189 2951 452 3007 προαιρούμεθα
470 2952 532 3003 μέν
545 2983 556 3003 ,
574 2952 597 2990 ἃ
617 2951 751 3006 σφόδρα
778 2950 993 3004 γινώσκομεν
1014 2953 1129 3004 ἀγαθὰ

92 3020 105 3030 ”
122 3004 123 3007 ¹
154 3037 159 3043 ·
180 3009 408 3063 ,δοξάζομεν
439 3013 497 3063 δέ,
519 3011 542 3050 ἃ
575 3012 615 3051 οὗ
648 3011 739 3050 πάνυ
770 3010 987 3063 γινώσκομεν
1013 3011 1128 3059 ἀληθῆ

84 3060 182 3122 λζ’
183 3069 290 3113 Ἔτι
305 3074 324 3112 ὃ
348 3071 450 3117 αὐτὸς
477 3072 545 3125 οὐχ
563 3070 689 3121 ὁμοίως
709 3071 928 3125 προαιρεῖται
945 3069 1005 3108 καὶ
1026 3069 1128 3115 δοξά-

83 3117 96 3128 ᾄ
162 3130 296 3179 δοξάζει
313 3131 383 3185 γὰρ
403 3132 571 3176 πολλάκις
587 3132 739 3205 xoeMBQJ
747 3130 897 3175 δοξάζων
927 3129 972 3168 τὰ
1000 3131 1127 3179 ἂληθη,

184 3192 299 3232 εἷται
322 3192 360 3231 δὲ
391 3190 436 3230 τὰ
467 3193 598 3245 φαῦλα·
621 3191 684 3229 οὒκ
717 3189 786 3243 ἄρα
813 3189 937 3228 ταύτὸν
969 3188 1050 3234 δόξα
1068 3190 1127 3228 καὶ

56 3251 296 3310 ν’ςφαίριιςιᾳ
345 3252 391 3291 Εἰ
411 3250 447 3290 δὲ
467 3250 636 3295 πολλάκις
656 3253 677 3298 ἡ
714 3249 793 3295 δόξα
827 3251 1036 3303 προηγεῖται
1066 3267 1127 3298 της

123 3421 141 3440 *
164 3418 274 3464 Θῦμὸς
297 3422 325 3454 δ’
352 3421 401 3454 ἔτι
418 3422 517 3462 ἧττον
537 3423 607 3454 κτλ.
625 3439 667 3444 -
685 3421 722 3439 **
743 3420 835 3454 Ἀλλὰ
860 3421 921 3461 μὴν
943 3418 1018 3451 οὐδὲ
1036 3419 1184 3467 βούλησις
1203 3419 1272 3452 κτλ.
1289 3436 1329 3442 --

25 3454 40 3499 2v
83 3469 308 3514 προαιρεῖσθαι
337 3469 461 3511 τάγαθὰ
491 3471 510 3508 ἢ
535 3469 577 3500 τὰ
604 3468 694 3501 κακὰ
709 3467 799 3500 ποῖοί
820 3467 902 3503 τινές
918 3466 1017 3509 ἐσμεν
1034 3468 1106 3500 κτ).

31 3515 33 3518 ⁴
208 3535 297 3560 uma.
317 3535 421 3560 cum.
449 3535 494 3559 ιιι.
1119 3521 1123 3524 ’

617 206 914 252 ETHICORUM
943 212 1389 262 NICOMACHEORUM
1418 222 1796 271 PARAPHRASIS.

241 1677 252 1687 .
273 1648 349 1690 Καὶ
366 1647 455 1694 ὅλως
485 1649 596 1711 ἔοικεν
614 1653 637 1698 ἡ
659 1650 860 1705 προαίρεσις
887 1654 957 1690 τῶν
978 1653 1031 1706 ἐφ’
1056 1655 1151 1703 ἡμῖν·

2173 238 2256 280 353

719 299 743 345 ἡ
773 298 816 351 ἄρ
819 315 842 339 α
868 300 1069 355 προαίρεσις
1088 305 1152 343 οὐχ
1214 306 1282 339 tem
1301 308 1477 350 cupiditati
1490 321 1557 346 non
1573 316 1623 348 est
1643 317 1835 351 contraria·
1826 327 1927 362 ergo
1940 323 2112 357 consilium
2127 333 2191 356 non
2207 326 2260 358 est

1213 366 1388 408 cupiditas.
1410 371 1514 404 Porro
1537 373 1703 416 cupiditas
1725 377 1865 413 molesta
1883 382 1953 420 est,
1977 391 2173 426 semperque
2198 394 2260 427 op-

1211 425 1358 467 pon'tum
1372 428 1473 463 habet
1495 431 1699 475 ¹iucundum,
1718 438 1776 477 (eo
1793 439 1880 472 enim
1906 443 2066 484 perpetuo
2087 443 2256 483 tendit.)

1212 486 1328 519 contra
1343 488 1518 523 consilium
1546 501 1655 536 neque
1689 496 1868 531 molestum
1898 501 1970 542 est,
1993 510 2102 544 neque
2125 502 2259 546 opposi-

1211 544 1286 578 tum
1299 545 1402 581 hahet
1427 548 1623 591 jucundum.

1252 603 1346 638 Adde
1361 607 1453 648 quod
1472 617 1532 641 nec
1555 609 1607 643 ira
1634 613 1684 645 est
1710 615 1902 655 consilium,
1926 618 2099 661 multoque
2126 619 2256 659 minus,

1210 668 1313 702 quam
1332 663 1497 704 cupiditas
1517 678 1526 698 ε
1547 676 1625 701 nam
1640 677 1718 712 quae
1739 680 1799 713 per
1813 672 1899 707 iram
1911 674 2016 718 fiunt,
2037 677 2176 710 consilio
2192 678 2259 711 mi-

1209 719 1299 754 nime
1321 725 1539 759 consentanea
1554 735 1627 761 esse
1641 728 1808 765 videntur.

1249 782 1365 823 Neque
1384 791 1465 816 vero
1482 784 1637 820 voluntas
1656 789 1706 821 est
1724 790 1900 824 consilium
1917 804 1928 825 z
1950 793 2104 836 quamvis
2117 794 2258 827 finitima

1208 837 1284 871 haec
1301 848 1374 873 esse
1388 841 1578 878 videantur.
1598 845 1780 881 Consilium
1803 850 1892 883 enim
1916 859 1983 884 non
1999 854 2049 885 est
2066 853 2103 886 in
2120 853 2162 886 iis
2179 863 2257 896 quae

1208 896 1282 931 fieri
1293 907 1359 932 non
1382 899 1522 942 possunt
1543 915 1551 935 ι
1574 904 1654 946 quia
1674 906 1784 940 volare
1808 911 1867 941 aut
1883 909 2088 945 immortales
2103 921 2175 946 esse
2192 921 2258 946 non

1207 963 1268 991 con
1288 955 1461 1000 tituimus,
1482 960 1542 993 sed
1555 961 1711 997 volumus
1731 972 1740 993 ε
1757 965 1854 1005 (nam
1871 967 1930 1009 qui
1948 969 2029 1001 talia
2051 970 2254 1012 constituat,

1206 1014 1332 1056 stultus
1347 1025 1419 1050 esse
1435 1018 1590 1052 videatur
1609 1021 1636 1063 ε)
1654 1031 1730 1064 ergo
1745 1024 1918 1058 consilium
1938 1036 2004 1059 non
2021 1030 2071 1060 est
2087 1029 2253 1064 voluntas.

1206 1071 1295 1110 Quin
1316 1075 1349 1106 et
1370 1074 1526 1109 volumus
1546 1086 1652 1120 saepe,
1676 1089 1753 1122 quae
1765 1090 1831 1114 non
1844 1082 1908 1124 ipsi
1921 1082 2080 1124 facimus,
2100 1086 2159 1119 sed
2172 1087 2252 1121 alii:

1205 1125 1300 1160 verbi
1320 1135 1421 1162 causa
1446 1130 1643 1165 histrionem
1668 1133 1816 1176 aliquem
1836 1136 1871 1168 in
1894 1145 1991 1170 scena
2011 1139 2136 1180 primas
2157 1149 2254 1181 agere

1203 1182 1315 1223 partes
1329 1185 1388 1216 aut
1409 1185 1568 1218 athletam
1592 1187 1796 1228 superiorem
1816 1189 1985 1224 discedere
2004 1202 2012 1223 :
2033 1195 2069 1226 at
2088 1203 2185 1226 nemo
2200 1195 2254 1226 ta·-

1203 1237 1287 1271 lium
1301 1247 1414 1272 rerum
1433 1241 1606 1274 consilium
1630 1243 1736 1284 capit,
1755 1244 1815 1277 sed
1836 1254 1950 1279 earum
1967 1247 2152 1287 duntaxat,
2176 1257 2253 1291 quae

1202 1301 1261 1334 per
1270 1301 1306 1326 se
1319 1293 1406 1328 effici
1417 1303 1513 1337 posse
1522 1296 1715 1331 arbitratur.
1726 1299 1892 1333 Praeterea
1905 1301 2060 1335 voluntas
2073 1304 2124 1336 est
2140 1302 2254 1335 ultimi

1203 1356 1332 1390 semper
1347 1358 1387 1382 ac
1405 1349 1498 1390 finis,
1519 1351 1695 1385 consilium
1710 1354 1824 1387 autem
1845 1363 1961 1389 eorum
1983 1365 2061 1399 quae
2085 1356 2130 1391 ad
2152 1356 2252 1390 finem

1202 1404 1377 1439 conferunt
1393 1417 1401 1438 z
1417 1399 1575 1440 nimirum
1590 1408 1746 1443 volumus
1765 1410 1852 1444 bona
1873 1411 1925 1445 uti
1938 1411 2140 1452 valetudine,
2167 1421 2255 1445 con--

1202 1461 1290 1494 sulto
1307 1463 1420 1495 autem
1434 1472 1473 1496 ea
1487 1461 1630 1498 facimus
1652 1473 1730 1507 quae
1746 1465 1790 1499 ad
1811 1475 1885 1500 eam
1904 1466 2078 1501 conferunt
2089 1493 2099 1510 ,
2123 1471 2156 1502 et
2169 1470 2253 1512 qui-

1201 1518 1264 1551 bus
1282 1518 1365 1551 bene
1382 1519 1553 1552 valeamus
1574 1532 1583 1552 ι
1601 1521 1636 1552 et
1655 1521 1745 1553 beati
1770 1531 1843 1555 esse
1867 1522 2025 1557 volumus
2038 1549 2046 1564 ‚
2071 1526 2174 1567 atque
2189 1525 2254 1558 hoc

1201 1583 1261 1607 nos
1281 1574 1367 1608 velle
1380 1568 1539 1616 dicimus,
1559 1574 1618 1607 sed
1635 1575 1703 1608 tale
1719 1576 1892 1610 consilium
1904 1577 2000 1611 nobis
2017 1580 2152 1620 captum
2165 1588 2247 1618 esse.

1200 1629 1239 1659 ut
1265 1627 1356 1660 beati
1380 1627 1501 1666 simus,
1529 1636 1594 1660 non
1626 1626 1779 1668 dicimus,
1805 1630 1964 1672 quoniam
1996 1631 2148 1673 ineptum
2185 1634 2248 1667 est.

1199 1679 1351 1722 Denique
1371 1689 1488 1713 eorum
1504 1688 1582 1722 quae
1606 1679 1642 1713 in
1662 1683 1777 1715 nostra
1800 1684 1966 1724 potestate
1992 1686 2089 1723 sunt,
2113 1685 2249 1719 videtu-r

1201 1741 1278 1782 esse
1286 1733 1470 1766 consilium.

1240 1793 1356 1834 Neque
1380 1801 1460 1826 vero
1481 1792 1591 1834 opinio
1613 1795 1674 1827 est.
1699 1793 1817 1836 Opinio
1840 1794 1928 1827 enim
1948 1794 1992 1827 ad
2008 1795 2120 1828 omnia
2133 1795 2250 1829 eodem
2287 1833 2290 1835 Α

1198 1844 1297 1877 modo
1313 1845 1473 1887 pertinet.
1495 1847 1570 1878 tum
1595 1847 1720 1879 aeterna
1730 1872 1739 1885 ‚
1762 1848 1837 1879 tum
1853 1856 1891 1880 ea
1907 1856 1984 1889 quae
2001 1848 2037 1880 in
2062 1851 2176 1882 nostra
2189 1858 2250 1892 po-

1198 1899 1320 1932 testate
1336 1900 1435 1938 sunt,
1454 1899 1528 1931 tum
1551 1908 1629 1940 quae
1646 1899 1718 1933 fieri
1739 1909 1804 1932 non
1823 1902 1962 1942 possunt
1979 1910 1987 1930 :
2009 1903 2044 1934 at
2067 1902 2243 1935 consilium

1198 1960 1313 1984 eorum
1330 1951 1462 1984 tantum
1473 1952 1534 1989 est,
1549 1960 1626 1993 quae
1635 1951 1670 1983 in
1684 1951 1780 1984 nobis
1790 1951 1854 1984 sita
1867 1954 1955 1985 sunt.
1971 1952 2064 1986 Adde
2077 1953 2169 1996 quod
2182 1954 2250 1996 opi-

1197 2001 1252 2034 nio
1266 2009 1345 2034 vero
1361 2002 1395 2034 et
1409 1999 1494 2034 falso
1515 2000 1749 2043 distinguitur3
1770 2001 1934 2043 siquidem
1948 2002 2048 2036 aliam
2064 2004 2246 2046 opinionem

1197 2064 1329 2096 veram,
1348 2054 1448 2087 aliam
1466 2053 1584 2087 falsam
1603 2054 1744 2088 dicimus
1764 2067 1772 2087 :
1794 2057 1828 2087 at
1844 2055 2018 2088 consilium
2034 2056 2120 2089 bono
2138 2058 2251 2099 potius

1197 2110 1231 2141 et
1247 2108 1335 2140 malo
1349 2107 1583 2149 distinguitur,
1607 2107 1773 2149 siquidem
1797 2107 1839 2140 de
1855 2110 1952 2150 capto
1965 2108 2126 2142 bonarum
2140 2111 2249 2144 mala-

1197 2165 1339 2198 rumque
1354 2164 1468 2188 rerum
1481 2155 1686 2197 agendarum
1702 2154 1839 2187 consilio
1861 2155 2040 2197 loquimur.
2068 2157 2159 2191 Idem
2182 2156 2248 2199 igi-

1197 2210 1253 2240 tur
1277 2207 1368 2250 quod
1405 2206 1596 2239 universam
1624 2206 1810 2248 opinionem
1840 2215 1912 2240 esse
1943 2207 2118 2240 consilium
2144 2218 2247 2259 ¹nemo

1196 2263 1293 2303 putat
1310 2271 1318 2291 ε
1337 2261 1496 2293 caeterum
1508 2269 1573 2292 non
1594 2259 1694 2291 modo
1713 2268 1779 2292 non
1801 2261 1852 2292 est
1873 2259 1963 2292 idem
1981 2261 2072 2303 quod
2092 2261 2246 2295 universa

1197 2314 1306 2357 opinio
1317 2339 1325 2352 ,
1343 2313 1403 2346 sed
1418 2321 1460 2346 ne
1479 2312 1567 2345 idem
1593 2311 1730 2353 quidem
1751 2311 1842 2354 quod
1857 2312 2012 2354 quaedam
2041 2313 2160 2355 opinio.

1240 2372 1370 2415 Quippe
1385 2371 1520 2404 consilio
1540 2372 1637 2412 capto
1664 2372 1756 2403 certo
1776 2370 1923 2412 quodam
1939 2371 2039 2404 modo
2056 2371 2245 2415 afficimur3

1195 2441 1273 2465 nam
1290 2431 1319 2464 si
1341 2430 1425 2474 quid
1447 2429 1534 2462 male
1565 2428 1675 2462 facere
1693 2428 1956 2471 destinavimus,
1979 2431 2078 2472 mali·;
2105 2431 2134 2464 si
2161 2432 2244 2466 bene

1195 2489 1304 2524 facere
1320 2488 1563 2527 constituimus,
1580 2487 1657 2520 boni
1673 2487 1863 2529 evadimns;
1879 2489 1914 2520 at
1927 2488 1996 2521 sola
2008 2489 2160 2531 opinione
2177 2499 2240 2524 non

1194 2550 1287 2583 item.
1307 2550 1478 2582 Praeterea
1493 2547 1673 2581 statuimus
1697 2547 1824 2589 aliquid
1840 2556 1936 2590 agere
1955 2550 2015 2581 aut
2041 2558 2109 2582 non
2127 2559 2242 2592 agere,

1194 2609 1294 2652 potiri
1303 2608 1416 2651 aliqua
1434 2616 1472 2640 re
1489 2608 1549 2640 aut
1564 2606 1671 2640 vitare
1686 2606 1816 2649 aliquid
1826 2607 1897 2649 ejus
1911 2608 2041 2649 generis
2056 2618 2063 2638 ε
2079 2610 2114 2641 at
2125 2609 2244 2642 existi-

1194 2676 1340 2707 mamus,
1362 2666 1445 2710 quid
1464 2665 1508 2700 sit
1522 2664 1614 2708 quod
1626 2664 1877 2704 constituimus,
1895 2665 1948 2698 vel
1963 2666 2053 2699 aliud
2069 2666 2161 2708 quid,
2182 2669 2241 2700 aut

1193 2727 1248 2760 cui
1268 2725 1446 2763 conducat,
1474 2725 1534 2757 aut
1548 2723 1828 2766 quemadmodum
1850 2732 1858 2752 ε
1877 2725 1990 2756 contra
2007 2723 2108 2766 potiri
2128 2724 2239 2767 aliqua

1191 2795 1228 2820 re
1245 2787 1305 2819 aut
1324 2785 1432 2819 vitare
1458 2782 1585 2826 aliquid
1600 2784 1659 2816 aut
1671 2783 1790 2824 eligere
1805 2791 1871 2814 non
1887 2784 1938 2815 est
1962 2791 2016 2815 res
2034 2782 2209 2824 opinabilis
2232 2797 2240 2816 ι

1192 2853 1269 2886 ergo
1287 2842 1462 2876 consilium
1477 2851 1544 2875 non
1559 2843 1610 2875 est
1632 2841 1754 2883 opi-nio.
1790 2841 1930 2883 Insuper
1955 2841 2112 2874 laudatur
2131 2843 2240 2875 consi-

1190 2904 1290 2942 lium,
1322 2901 1456 2946 quando
1472 2910 1510 2942 ea
1527 2910 1604 2944 quaa
1620 2900 1745 2943 agenda
1776 2902 1854 2934 sunt
1882 2909 1978 2943 agere
1994 2900 2200 2934 instituimus
2229 2911 2238 2932 ε

1190 2965 1305 2996 contra
1327 2962 1437 3004 opinio
1461 2961 1496 2994 in
1517 2961 1614 2994 laude
1633 2962 1709 3000 est,
1731 2969 1837 3003 quum
1850 2970 1931 2994 vera
1954 2960 2136 3003 opinamur.
2155 2963 2239 2995 Tum

1190 3031 1229 3055 ea
1252 3021 1361 3055 facere
1375 3020 1597 3059 destinamus,
1616 3028 1693 3062 quae
1717 3019 1897 3052 admodum
1922 3019 2007 3052 bona
2031 3029 2103 3053 esse
2120 3020 2239 3053 intelli-

1190 3081 1320 3123 gimus,
1347 3080 1522 3123 opinamur
1540 3081 1652 3113 autem
1668 3088 1745 3121 quae
1771 3088 1837 3111 non
1863 3078 2042 3111 admodum
2064 3088 2143 3112 vera
2167 3089 2238 3113 esse

1189 3141 1322 3173 scimus.
1343 3139 1496 3182 Denique
1508 3148 1573 3171 non
1591 3137 1706 3171 eodem
1724 3137 1823 3170 modo
1845 3137 1934 3170 idem
1951 3138 2050 3170 homo
2068 3139 2237 3190 etqconsti-

1188 3200 1254 3233 tuit
1271 3198 1399 3241 aliquid
1417 3199 1452 3232 et
1466 3197 1620 3240 opinatur
1646 3206 1654 3226 :
1672 3205 1760 3239 saepe
1787 3196 1875 3230 enim
1893 3199 1984 3229 recte
2011 3197 2128 3238 sentit,
2154 3197 2236 3230 dum

1187 3261 1300 3292 autem
1314 3267 1392 3291 vera
1406 3257 1570 3299 opinatur,
1584 3256 1671 3290 male
1684 3255 1792 3290 facere
1805 3256 1998 3290 constituit:
2016 3266 2093 3299 ergo
2103 3265 2168 3290 non
2184 3258 2235 3290 est

1355 3418 1410 3436 *⁴¹*
1438 3417 1524 3450 Οὐδὲ
1551 3417 1589 3455 δὴ
1617 3417 1694 3454 δόξα
1720 3417 1757 3448 ἂν
1785 3416 1835 3455 εἴη
1854 3417 1926 3449 κτλ,
1943 3430 1984 3439 -·-
2006 3414 2079 3434 *⁴⁰¹*
2095 3415 2150 3455 Τῷ
2169 3414 2230 3455 γὰρ

2065 3522 2106 3553 ²3
