2508 3776
236 164 317 203 ⁴56

236 309 328 348 ποιεῖ
349 305 527 358 πράττειν.

287 366 308 387 ⁴‘
329 363 432 405 Ἀλλὰ
454 362 523 414 μὴν
544 359 619 399 οὐδὲ
639 358 741 411 κυρία
762 357 802 409 γε’
820 360 893 398 ἐστι
909 360 970 405 τῆς
991 357 1127 412 σοφίας,
1145 355 1197 396 ὅτι
1215 355 1272 395 διὰ

234 426 296 473 τὴν
316 423 479 477 φρόνησιν
494 425 516 468 ἦ
537 419 654 473 σοφία.
683 418 748 471 Τῷ
775 417 843 471 γὰρ
863 417 1024 472 φρόνιμοι
1043 411 1132 455 εἶναι
1151 418 1274 464 ζητοῦ-

234 499 297 534 μεν
317 483 379 528 τὴν
401 480 535 533 σοφίαν,
550 480 608 517 καὶ
628 481 650 525 ἡ
667 476 831 530 φρόνησις
850 476 889 515 τὸ
909 476 1004 520 τέλος
1017 478 1113 524 ζητεῖ
1133 477 1194 522 τῆς
1214 489 1273 513 σο·

234 540 335 593 φίας,
363 540 422 578 καὶ
455 539 500 577 τὰ
533 537 618 590 πρὸς
645 537 707 585 τὴν
743 535 865 590 σοφίαν
890 535 1038 588 φέροντα
1070 537 1177 581 ζητεῖ·
1214 532 1274 571 καὶ

233 598 322 638 οὕτω
350 598 416 649 γὰρ
435 596 568 650 ’ἔχουσα
589 597 651 635 οὐκ
682 594 755 635 ἔστι
777 597 838 642 τῆς
860 593 981 647 σοφίας
1012 591 1168 646 βελτίων·
1199 591 1274 631 ἔστι

233 657 300 710 γὰρ
319 661 340 705 ἡ
362 656 465 710 σοφία
487 655 591 708 ἀρετὴ
611 657 670 694 τοῦ
693 653 864 707 βελτίονος
886 652 1006 706 μορίου
1022 655 1083 699 τῆς
1105 652 1230 704 ψυχῆς·
1251 653 1272 698 ἡ

236 715 296 767 μὲν
317 715 383 768 γὰρ
401 715 561 768 φρόνησις
582 713 687 767 ἀρετή
707 716 780 752 ἐστι
803 717 862 752 τοῦ
879 715 1073 766 πρακτικοῦ
1092 714 1171 756 νοῦ,
1194 714 1214 758 ἡ
1239 710 1275 750 δὲ

235 774 337 822 σοφία
357 778 416 813 τοῦ
436 777 657 827 θεωρητικοῦ.
689 775 732 813 Εἰ
762 773 797 812 δὲ
817 771 875 810 καὶ
904 772 983 825 περὶ
1011 774 1074 819 τ’ἧς
1105 772 1227 826 σοφίας
1252 777 1274 822 ἡ

235 833 397 886 φρόνησις
417 838 557 881 σκοπεῖ,
576 832 651 871 ἀλλ’
671 833 708 871 οὔ
727 835 859 885 χρῆται
880 832 968 884 αὐτῇ
983 831 1068 884 πρὸς
1089 831 1128 871 τὸ
1151 834 1276 880 ἑαυτῆς

234 893 351 940 τέλος,
372 892 490 944 ὥσπερ
511 894 546 931 αἱ
576 892 855 944 ἀρχιτεκτονικαὶ
891 890 1008 944 ἔχουσι
1030 890 1115 944 πρὸς
1134 890 1196 936 τὰς
1216 892 1277 931 ὑπ’

235 951 339 994 αὐτὰς
357 949 500 1003 τέχνας,
528 950 619 990 ἀλλὰ
639 951 735 998 ζητεῖ
765 949 857 994 ὅπως
880 949 1033 1002 γένηται·
1054 949 1114 989 καὶ
1150 952 1188 989 οὐ
1218 949 1275 989 διὰ

233 1013 336 1049 τοῦτο
360 1009 462 1062 κυρία
483 1011 590 1057 αὐτῆς
618 1013 728 1058 ἐστιν,
753 1008 873 1062 ὥσπερ
895 1009 965 1048 οὔδ’
1000 1012 1022 1056 ἡ
1045 1009 1182 1062 ἰατρικὴ
1210 1026 1275 1049 κυ-

238 1069 293 1122 ρία
325 1069 397 1108 ἐστὶ
423 1071 484 1116 τῆς
504 1067 643 1121 ὑγιείας·
664 1069 702 1107 οὗ
733 1069 800 1121 γὰρ
834 1069 922 1120 αὐτῇ
956 1067 1153 1117 ἐπιτάττει,
1190 1069 1280 1108 ἀλλὰ

236 1129 342 1174 αὐτῆς
372 1128 487 1166 ἕνεκα·
507 1128 567 1166 καὶ
587 1127 645 1167 διὰ
677 1130 777 1166 τοῦτο
797 1128 928 1178 μᾶλλον
964 1126 1108 1179 βελτίων
1130 1130 1151 1174 ἡ
1176 1129 1281 1181 σοφία

236 1189 298 1233 τῆς
320 1186 535 1240 φρονήσεως,
566 1187 724 1240 καθάπερ
756 1187 816 1225 καὶ
835 1189 857 1234 ἡ
888 1187 999 1239 ὑγίεια
1019 1189 1079 1233 τῆς
1099 1188 1276 1241 ἷατρικῆς,

237 1246 289 1285 ὅτι
308 1246 416 1293 αὖτῆς
436 1245 537 1285 ἕνεκα
557 1246 717 1299 πράττει.
740 1246 785 1286 Εἰ
804 1247 840 1284 δὲ
863 1245 1039 1285 ἐπιτάττει
1058 1247 1080 1291 ἡ
1095 1245 1279 1298 φρόνησις,

238 1307 314 1344 ἀλλ’
340 1305 377 1343 οὖ
395 1307 446 1358 τῷ
466 1308 584 1359 σοφῷ,
613 1306 703 1345 ἀλλὰ
725 1307 774 1359 τῷ
802 1305 910 1356 μήπω
931 1308 978 1349 εἷς
998 1303 1130 1350 ταύτην
1152 1305 1282 1345 ἐλθόντι

237 1365 299 1413 τὴν
317 1364 518 1418 ἀρετήν·τῷ
536 1365 572 1404 δὲ
594 1365 726 1404 ἐλθόντι
738 1366 865 1404 οὐκέτι·
881 1363 959 1403 οὐδὲ
981 1363 1050 1416 γὰρ
1065 1366 1086 1410 ἡ
1102 1365 1279 1414 πολιτική,

238 1425 323 1464 διότι
340 1424 517 1464 ἐπιτάττει
532 1425 612 1478 περὶ
629 1425 768 1465 πάντων
789 1427 824 1464 ἐν
844 1427 888 1477 τῇ
913 1423 1029 1473 πόλει,
1047 1422 1117 1471 ἤδη
1134 1424 1193 1463 καὶ
1211 1427 1281 1464 τῶν

238 1487 321 1522 θεῶν
343 1483 459 1536 ἄρχει.
955 1488 966 1491 ”

291 1542 460 1594 (Scripsi
479 1557 487 1580 ε
506 1546 519 1564 ³
542 1541 659 1594 ἐστὶν]
675 1542 794 1592 vulgo
812 1542 916 1581 ἐστιν.
936 1542 952 1564 ¹³
972 1540 1049 1580 καθ’
1070 1539 1172 1594 ὅσον]
1191 1541 1278 1583 cod.

237 1600 399 1638 καθόσον.
423 1620 475 1630 —
497 1604 511 1623 ⁰
531 1598 608 1638 καθ’
638 1600 743 1651 ὅσον]
778 1600 864 1640 cod.
895 1597 1056 1639 καθόσον.
1093 1626 1135 1632 -
1158 1596 1173 1620 ‘¹
1191 1601 1282 1653 αἱρε-

236 1659 294 1699 τόν
313 1659 347 1698 τί
369 1659 487 1711 ἐστιν]
506 1660 627 1710 vulgo
648 1658 782 1712 αἱρετόν
801 1675 834 1698 τι
849 1657 956 1698 ἐστίν.
976 1680 1030 1688 -
1047 1669 1060 1686 ⁶
1075 1658 1177 1712 οὐδὲ]
1194 1659 1281 1700 cod.

239 1721 276 1757 οὐ
299 1719 348 1758 δὲ.
364 1724 440 1748 —f
457 1718 514 1757 διά
534 1718 595 1773 γε]
619 1719 706 1758 cod.
740 1717 850 1769 διάγε.
873 1738 926 1747 --
943 1730 961 1755 8
975 1720 997 1765 ἡ
1019 1717 1176 1771 κυρίως]
1196 1721 1283 1759 cod.

238 1785 257 1821 ὃ
276 1780 415 1844 κυρίως.
437 1802 490 1810 -
511 1784 528 1807 ¹¹
546 1781 595 1828 πὴ
618 1782 680 1831 μὲν
701 1782 809 1833 ὀρθῶς
838 1774 933 1833 εἶχε]
953 1781 1041 1821 cod.
1062 1784 1112 1833 πῇ
1138 1773 1201 1832 μὲν
1222 1784 1284 1835 ὄρ-

240 1844 306 1885 θῶς
326 1845 412 1893 εἶχε.
431 1843 499 1871 -ῑ
518 1840 568 1888 πὴ
601 1839 636 1879 δὲ
665 1839 888 1892 ἡμάρτανεν]
913 1841 998 1880 cod.
1022 1843 1072 1893 πῇ
1103 1839 1139 1879 δὲ
1164 1841 1284 1894 ἦμάρ-

241 1916 412 1939 τανεν.·-
440 1901 459 1924 k
487 1899 643 1951 ἀγαθὴν]
671 1900 757 1939 cod.
788 1898 928 1951 ἀγαθὸν,
949 1898 1027 1928 —¹
1057 1897 1124 1951 γὰρ
1150 1899 1190 1938 ἄν
1217 1900 1282 1951 τις]

243 1960 327 1998 cod.
349 1961 416 2013 γάρ
437 1975 501 2003 τις.
519 1960 588 2010 -)

284 2101 304 2121 ⁴*
328 2100 417 2134 Ἀλλὰ
434 2102 493 2142 μὴν
512 2100 586 2133 οὐδὲ
600 2100 695 2143 κυρία
713 2101 782 2134 κτλ.

982 149 1261 192 ANDRONICI
1288 147 1481 195 RHODJI,
1513 145 1622 187 ETC.
1674 182 1676 184 .

237 254 316 290 σθαι
338 244 613 300 παρασκευάζεῑ’
636 246 658 290 ἦ
685 240 722 280 δὲ
747 239 909 294 φρόνησις
936 238 980 278 τὰ
1006 239 1093 293 πρὸς
1117 237 1157 278 τὸ
1175 237 1272 282 τέλος
1332 256 1393 280 nos
1412 245 1580 278 instituit:
1597 242 1771 286 prudentia
1786 251 1866 277 vero
1877 241 1978 277 efficit
1990 267 1999 284 ,
2014 243 2054 276 ut
2071 250 2109 275 ea
2126 249 2200 283 quae
2214 239 2256 273 ad
2274 239 2373 274 finem
2395 223 2430 271 '⁷⁴1

1334 305 1481 349 spectant
1497 302 1669 336 faciamus.

1374 366 1417 398 At
1436 372 1516 396 vero
1534 370 1643 404 neque
1657 362 1778 404 praeest
1796 359 1973 402 sapientiae,
1993 359 2072 403 quia
2084 361 2218 403 propter
2234 356 2393 403 pradela-Q

1334 423 1415 456 tiam
1431 423 1482 455 est
1499 420 1666 463 sapientia.
1685 421 1856 458 Quatenus
1869 418 1956 451 enim
1971 419 2150 461 prudentes
2165 426 2282 452 sumus
2294 442 2303 459 ,
2321 425 2377 450 ss-

1334 481 1490 525 pientiam
1507 479 1707 522 quaerimus,
1729 480 1762 512 et
1777 477 1952 521 prudentia
1973 479 2045 511 tum
2069 477 2236 521 sapientia
2259 476 2372 515 finem.

1336 542 1409 573 tum
1432 548 1470 572 ea
1498 547 1574 581 quae
1589 537 1632 571 ad
1654 537 1847 580 sapientiam
1862 537 2007 575 ducunt,
2023 536 2164 580 quaerit:
2179 543 2378 579 nequepro-

1337 602 1449 644 pterea
1458 600 1569 632 tamen
1588 598 1746 641 sapientia
1759 599 1809 630 est
1822 596 2032 640 praestantior
2050 608 2058 629 2
2075 594 2239 638 siquidem
2253 593 2380 637 aphn-

1337 660 1383 693 tia
1399 658 1636 702 praestantioris
1648 657 1748 691 animi
1761 657 1864 700 partis
1879 656 1986 690 virtus
1999 655 2140 688 habetur
2157 664 2164 684 :
2182 651 2380 688 activlmim

1337 722 1523 756 intellectus
1547 721 1655 755 virtus
1686 722 1737 754 est
1769 717 1961 762 prudentia,
1990 712 2240 757 contemplativi
2267 712 2381 746 autem

1339 781 1506 824 sapientia.
1535 780 1693 820 Quamvis
1717 787 1796 812 vero
1826 778 1925 810 etiam
1950 775 1992 809 de
2031 773 2188 817 sapientia
2212 769 2382 806 interdum

1339 840 1513 884 prudentia
1529 839 1650 882 cogitet
1660 864 1669 880 ‚
1683 848 1748 871 non
1767 839 1878 870 tamen
1899 835 1942 869 ad
1957 835 2057 868 finem
2082 841 2181 867 suum
2199 840 2238 866 ea
2253 830 2378 870 utitur,

1339 899 1617 943 quemadmodum
1634 896 1897 930 architectonicae
1911 895 2055 927 rationes
2071 892 2114 926 ad
2137 893 2226 925 artes
2244 898 2322 934 quoe
2332 889 2382 923 eis

1340 960 1479 992 subsunt
1500 967 1535 991 se
1554 957 1697 996 habent,
1717 956 1775 989 sed
1802 953 1966 998 quomodo
1990 950 2172 995 comparari
2189 949 2293 995 possIt
2306 950 2383 983 tan-

1340 1022 1412 1052 tum
1431 1018 1570 1061 inquirit
1596 1028 1603 1049 :
1621 1027 1680 1051 nec
1704 1018 1876 1060 propterea
1892 1015 2011 1057 praeest
2029 1013 2095 1054 illi,
2119 1011 2207 1045 sieut
2222 1019 2284 1044 nec
2294 1009 2385 1044 sani·-

1344 1079 1406 1112 tati
1433 1079 1551 1120 praeest
1574 1076 1736 1110 medicina
1760 1089 1766 1107 :
1797 1084 1856 1108 nec
1876 1074 1963 1107 enim
1979 1073 2028 1106 illi
2044 1073 2204 1115 imperat.
2237 1069 2298 1105 sed
2311 1069 2385 1112 eius

1342 1147 1441 1171 causa
1468 1137 1617 1180 praecipit
1654 1138 1754 1178 atque
1779 1135 1938 1177 imperat3
1959 1132 2098 1174 ideoque
2124 1129 2284 1174 sapientia
2300 1137 2385 1173 ,pru-

1341 1197 1462 1230 dentiae
1473 1198 1620 1239 praestat,
1632 1197 1670 1228 ut
1682 1195 1804 1227 sanitas
1820 1193 1883 1226 arti
1896 1192 2078 1230 medicinae,
2093 1190 2173 1234 quia
2184 1188 2275 1223 imus
2286 1196 2386 1223 eausa

1342 1257 1419 1298 agit.
1451 1255 1577 1294 Quodsi
1598 1255 1739 1297 imperat
1761 1253 1954 1297 prudentia,
1982 1255 2048 1284 hon
2076 1249 2217 1293 sapienti
2234 1247 2292 1282 illa
2312 1247 2385 1293 qui·

1342 1316 1417 1350 dem
1432 1342 1440 1357 ‚
1460 1315 1519 1349 sed
1536 1315 1662 1348 homini
1677 1315 1760 1347 hanc
1783 1313 1943 1347 virtutem
1965 1311 2113 1345 nondum
2140 1309 2262 1353 adepto
2279 1307 2384 1351 impe·

1343 1377 1395 1407 rat
1417 1387 1424 1406 :
1445 1374 1563 1417 adepto
1582 1376 1694 1407 autem
1710 1383 1776 1406 non
1794 1373 1874 1406 item
1889 1384 1897 1404 ε
1914 1371 1999 1405 sieut
2017 1379 2077 1404 nec
2095 1368 2202 1403 civilis
2227 1365 2382 1406 seientia,

1343 1434 1433 1477 quod
1456 1433 1565 1467 omnia
1583 1432 1753 1476 praecipiat
1772 1441 1849 1476 quae
1869 1432 1905 1465 in
1924 1431 2060 1465 civitate
2086 1429 2170 1463 fiunt
2181 1453 2190 1470 ,
2207 1426 2309 1462 etiam
2322 1424 2388 1460 diis

1343 1493 1498 1536 imperat.
