2528 3788
1068 171 1399 216 FRAGMENTA.

149 255 231 312 περὶ
263 255 300 296 σὲ
336 254 579 304 διανοηθέντος
612 261 760 298 τοιαῦτα
777 264 807 299 ⁰.
838 258 974 310 Νόμιζε
995 259 1032 298 δὲ
1060 259 1195 306 πάντας

146 316 335 372 προσέχειν
355 331 411 356 σοι
437 316 496 357 τὸν
525 321 628 370 νοῦν,
662 319 722 358 καὶ
743 324 886 358 σκοπεῖν
902 318 915 342 ¹
947 318 1044 364 ποῖός
1073 335 1111 359 τε
1130 319 1193 373 ἔσῃ

145 375 234 430 πρὸς
243 374 302 415 τὸν
328 374 477 430 ἀδελφόν
490 407 501 428 ,
525 377 585 416 καὶ
606 377 685 423 τοὺς
707 377 769 430 μὲν
794 377 998 430 βελτίστους
1018 381 1171 432 ἀγωνιᾷν
1183 410 1195 430 ,

20 414 43 486 ζ
73 439 75 442 “
147 434 378 490 βουλομένους
395 443 456 475 καὶ
480 436 676 482 ἐξισοῦσθαί
696 452 735 476 σε
756 439 801 489 τῇ
827 440 887 476 τοῦ
914 437 1065 490 ἀδελφοῦ
1085 439 1194 478 ἐπιει-

143 493 236 548 κείᾳ,
271 493 333 534 καὶ
362 495 618 548 ὖπερὸάλλειν,
639 494 717 541 τοὺς
748 494 785 534 δὲ
811 495 962 549 φαύλους
983 500 1192 548 φθονοῦντας

126 553 253 602 ,ἡδέως
280 553 323 593 ἄν
352 569 389 594 τι
415 555 501 594 ἰδεῖν
533 555 614 608 περὶ
644 557 734 605 ὑμᾶς
762 553 947 606 γενόμενον
967 557 1189 608 πλημμελές.

142 611 216 658 Οὓς
235 612 289 654 δεῖ
315 611 511 665 νομίσαντα
529 613 718 665 πολεμίους
746 607 836 652 εἶναι
861 614 952 665 μετὰ
973 616 1044 653 τῶν
1075 615 1193 668 βελτί-

142 686 235 712 στων
251 671 482 726 ἀγωνίζεσθαι
500 675 548 718 ὥς
567 672 670 713 αὐτὸν
699 672 814 712 ὄντα8
833 671 892 711 ἕνα
911 672 1055 712 τούτων.
1088 676 1195 714 Δοκεῖ

139 731 209 785 γάρ
229 745 291 783 μοι
302 732 341 772 οὗ
358 731 465 783 μόνον
476 732 688 785 ἃμιλλητέον
700 724 789 771 εἶναι
809 731 893 785 πρὸς
905 732 950 772 τὰ
965 735 1024 771 τοῦ
1041 733 1192 783 ἀδελφοῦ

140 788 302 845 lmus&-
324 789 446 845 ἐκείνῳ
484 789 571 844 ὑπὲρ
597 795 659 830 τοῦ
690 796 808 831 κοινοῦ
837 791 1065 846 πέπρακται,
1101 792 1191 832 ἀλλὰ

139 849 201 889 καὶ
218 850 304 904 πρὸς
324 849 386 895 τὰς
408 849 472 895 σὰς
484 852 504 877 ¹¹
520 850 740 903 εὐεργεσίας,
771 850 865 895 ὅπως
885 850 935 903 μὴ
956 852 1191 892 καταδεέστε-

141 923 199 963 ραι
220 910 258 950 αἱ
274 908 372 961 παρὰ
386 913 448 949 σοῦ
468 907 554 964 πρὸς
573 911 703 949 ἐκεῖνον
722 909 911 962 γίγνωνται
926 910 953 951 ¹.
975 910 1063 964 Περὶ
1083 912 1187 951 πλεί-

137 983 222 1009 στου
238 968 275 1008 δὲ
291 970 346 1009 δεῖ
361 984 400 1009 σε
417 971 562 1018 ποιῆσαι
581 969 743 1023 σώφρονά
757 985 796 1008 τε
815 964 916 1018 εἶναι,
935 971 996 1009 καὶ
1012 970 1190 1018 κατήκοον

135 1031 198 1070 τοῦ
221 1029 396 1084 ἀδελφοῦ,
413 1028 512 1075 ὄντος
529 1030 610 1084 περὶ
629 1030 668 1071 σὲ
692 1024 761 1075 οἷός
781 1046 848 1083 περ
865 1033 927 1070 νῦν
953 1033 1059 1071 ἐστιν.
1092 1029 1188 1086 Ἔρ-

136 1088 392 1202 ῥωῖοΕρὶεῑοΙο
417 1149 501 1189 haec
529 1149 677 1188 omisso
704 1150 878 1189 auctoris
908 1150 1068 1188 nomine
1095 1151 1190 1189 sim-

136 1207 295 1262 pliciter
312 1206 490 1261 Φιλίππῳ
502 1207 693 1259 inscripta
706 1237 716 1256 ,
738 1221 824 1260 quae
848 1209 952 1247 inter
970 1208 1189 1249 Socraticas

137 1266 338 1318 trigesima
355 1267 485 1320 prima
513 1276 571 1306 est
587 1297 598 1316 ,
617 1276 743 1306 exstat
761 1268 864 1319 apud
883 1267 1076 1306 Orellium·
1094 1269 1123 1309 l.
1150 1284 1185 1310 c.

138 1338 226 1378 pag.
259 1326 310 1377 39
343 1339 428 1378 seq.
459 1326 555 1365 Eam
593 1336 719 1366 autem
759 1341 846 1366 cum
881 1328 1032 1366 Orellio
1074 1330 1186 1380 praef.

140 1399 180 1438 p.
212 1384 285 1426 Vll
318 1385 366 1424 ad
401 1386 665 1439 Speusippum
700 1396 898 1425 auctorem
927 1386 1072 1425 referre
1110 1398 1188 1426 non

137 1443 379 1484 dubitamus.
405 1445 537 1484 Pauca
556 1445 622 1484 hic
653 1446 908 1484 annotanda⁸
934 1460 943 1483 z
969 1444 1188 1498 Περδίκκας]

135 1503 307 1556 scripsi3
329 1503 444 1542 codd.
469 1502 659 1556 Περδίκας.
693 1504 779 1534 ——1’
807 1503 852 1542 τὰ
878 1504 1010 1554 ἡμίσεα
1040 1504 1184 1544 πάντων

132 1563 345 1613 κεκτῆσθαι]
369 1561 568 1615 Spectavit
594 1562 760 1601 Hesiodi
790 1563 893 1602 illud
913 1563 989 1615 Op.
1016 1571 1054 1601 et
1073 1563 1121 1602 D.
1146 1575 1184 1603 v.

133 1628 186 1669 ko
221 1619 362 1670 νήπιοι,
395 1621 468 1661 οὔδ’
499 1620 616 1660 ἴσασιν
648 1621 720 1675 ὅσῳ
754 1622 861 1661 πλέον
893 1621 1006 1671 ἥμισυ
1031 1622 1184 1668 παντός,

12 1670 15 1674 ’
51 1694 61 1713 1
133 1679 339 1732 cujusvim
355 1679 414 1719 sic
431 1679 601 1731 explicat
615 1679 728 1718 Plato
742 1680 790 1718 de
811 1681 914 1730 legg.
940 1679 999 1718 111
1022 1694 1062 1731 p.
1089 1682 1182 1731 690.

131 1751 167 1780 e.
191 1732 247 1792 ἆρ’
279 1738 344 1778 οὐκ
372 1737 605 1789 ἀγνοήσαντες
633 1738 692 1778 τὸν
722 1737 887 1778 Ἡσίοδον
919 1738 1091 1789 ὀρθότατα
1126 1739 1186 1778 λέ-

133 1803 262 1844 γοντα,
280 1791 330 1836 ὣς
344 1791 387 1832 τὸ
400 1792 513 1845 ἥμισυ
527 1797 587 1833 τοῦ
607 1796 739 1840 παντὸς
761 1797 933 1842 πολλάκις
959 1798 1037 1837 ἐστὶ
1060 1799 1186 1850 πλέον,

134 1849 267 1891 ὁπόταν
295 1845 386 1906 {rb
419 1851 484 1905 μὲν
514 1853 594 1894 ὅλον
627 1854 826 1906 λαμὸάνειν
859 1858 1049 1909 ζημιῶδες,
1081 1859 1122 1898 τὸ
1154 1861 1185 1899 δ’

134 1907 265 1962 ἥμισυ,
290 1910 453 1967 μέτριον,
473 1913 555 1953 τότε
573 1914 615 1954 τὸ
644 1914 787 1969 μέτριον
818 1919 880 1956 τοῦ
903 1917 1063 1971 ἀμέτρου
1081 1918 1188 1958 πλέον

136 1967 317 2022 ἡγήσατο,
332 1971 476 2023 ἄμεινον
495 1972 534 2012 ὃν
552 1974 724 2035 χείρονος.
743 1997 796 2006 -
813 1982 828 2000 ⁰
843 1976 1044 2023 κτήσασθαι
1061 1978 1100 2016 οὗ
1119 1979 1189 2016 τῶν

137 2028 357 2083 βελτίστων]
376 2030 520 2082 scripsi
543 2044 630 2069 cum
660 2031 829 2079 Allati03
861 2030 957 2069 libri
981 2030 1180 2078 κτήσασθαι

129 2089 199 2126 τῶν
221 2086 425 2140 βελτίστων.
448 2108 503 2117 -
519 2087 537 2111 ‘¹
567 2088 623 2127 σοὶ
654 2088 691 2127 δὲ
719 2089 813 2127 ἔστιν
846 2089 1000 2142 ἀδελφὰ]
1024 2091 1181 2142 reposui

129 2160 218 2186 cum
252 2146 425 2195 Orelli03
460 2147 573 2186 codd.
611 2146 665 2186 σοὶ
693 2147 728 2186 δὲ
754 2147 808 2186 ὅτι
835 2148 928 2187 ἐστὶν
961 2148 1108 2201 ἀδελφὰ.
1128 2170 1183 2180 -

129 2211 144 2230 ⁸
159 2207 222 2245 τοῦ
239 2205 321 2259 περὶ
340 2204 380 2245 σὲ
413 2206 678 2259 διανοηθέντος]
701 2206 843 2259 scripsi
872 2220 959 2246 cum
991 2207 1176 2256 Bremiox,

130 2263 244 2303 codd.
278 2267 340 2303 τοῦ
370 2265 452 2319 περὶ
481 2263 521 2303 σὲ
559 2267 599 2304 οὖ
630 2266 867 2314 διανοηθέντος
894 2288 948 2297 —
968 2266 983 2291 ¹
1019 2268 1179 2320 σκοπεῖν]

129 2324 309 2373 correxi3
331 2324 447 2365 codd.
465 2330 593 2366 ποιεῖν.
614 2347 668 2356 -
686 2331 705 2355 ⁸
721 2327 770 2371 ὡς
799 2326 904 2365 αὐτὸν
930 2326 1039 2379 ὄντα]
1065 2328 1181 2378 posui

127 2387 217 2422 clim
238 2383 404 2432 Allatio;
433 2383 553 2424 codd.
575 2383 679 2423 αὐτὸν
702 2385 799 2424 ὄντα.
822 2406 876 2414 -
894 2387 913 2410 ¹¹
930 2384 993 2430 τὰς
1007 2384 1070 2428 σὰς
1087 2385 1180 2436 εὔερ-

127 2440 271 2496 γεσίας]
300 2443 443 2495 scripsi
476 2457 563 2483 cum
598 2453 707 2496 parte
741 2445 1084 2496 membranarum3
1112 2444 1180 2482 alii

127 2503 246 2543 codd.
273 2502 418 2542 habent
434 2501 498 2547 τὰς
528 2502 742 2557 εὐεργεσίας.
764 2503 844 2534 —¹
867 2502 1077 2556 γίγνωνται]
1105 2516 1176 2554 po-

68 2609 77 2616 ·
123 2563 212 2613 sui3
229 2561 346 2602 codd.
367 2560 547 2614 γίνωνται.

1147 2658 1186 2666 --

124 2710 251 2749 oblatae
271 2709 336 2744 sibi
350 2718 468 2753 parare
491 2709 696 2753 optimorum
714 2709 887 2744 hominum
905 2719 970 2743 non
988 2719 1073 2744 esse.
1105 2711 1179 2744 Tibi

124 2779 205 2806 vero
218 2769 298 2805 licet
311 2770 430 2804 similia
442 2770 532 2805 illius
547 2771 688 2814 inceptis
706 2770 850 2804 facinore
864 2771 971 2804 facere
983 2797 992 2810 ,
1012 2774 1050 2805 ut
1064 2772 1179 2805 videa-

124 2830 334 2866 rls’moribus
360 2829 462 2864 etlam
479 2830 552 2872 ejus
570 2839 644 2864 esse
669 2830 782 2872 frater,
800 2831 859 2873 qui
876 2832 947 2864 tam
971 2832 1115 2864 fraterne
1137 2832 1178 2865 de

123 2889 335 2934 “cogitavit
353 2889 460 2923 Velim
474 2890 586 2923 autem
597 2890 659 2923 tibi
669 2890 717 2923 ita
725 2889 937 2933 persuadeas,
954 2899 1068 2924 omnes
1078 2890 1112 2923 te
1127 2890 1178 2923 di-

123 2949 263 2994 ligenter
275 2949 446 2984 attendere
465 2952 500 2984 et
511 2951 689 2984 observare
700 2977 709 2991 ,
727 2950 859 2993 qualem
873 2952 908 2983 te
927 2951 1019 2983 fratri
1036 2952 1176 2993 praesta-

122 3009 223 3044 turus
238 3009 296 3051 siz,
321 3011 358 3044 et
373 3009 514 3052 optimos
531 3010 665 3053 quidem
687 3010 797 3043 animo
815 3011 888 3053 angi
898 3035 906 3050 ‚
922 3019 1026 3052 quum
1041 3010 1178 3052 cupiant

123 3071 160 3104 te
175 3069 288 3104 stati-is
306 3070 515 3104 clementiam
541 3070 717 3114 adaequare
735 3070 790 3104 vel
810 3079 966 3113 superare
978 3094 988 3111 ,
1016 3071 1178 3112 pessimos

124 3130 237 3164 auten
253 3129 377 3163 invidia
394 3129 555 3164 adductos
571 3130 712 3164 libenter
725 3129 851 3172 aliquid
874 3130 908 3162 in
924 3129 1175 3164 conversatione

123 3190 238 3224 vestra
254 3188 401 3231 delinqui
418 3188 549 3223 visuros
564 3198 648 3223 esse.
694 3189 826 3229 Quibus
840 3190 999 3231 tanquam
1024 3188 1176 3222 hostibus

123 3247 277 3292 anoctis,
293 3249 328 3282 te
343 3257 421 3282 cum
439 3248 574 3292 optimis
586 3251 744 3291 tanquam
768 3258 870 3282 unum
896 3257 937 3282 ex
958 3248 1023 3281 iuis
1037 3248 1177 3282 honesto

112 3306 359 3341 benevolentiae
377 3307 557 3342 certamine
583 3310 709 3343 certare
737 3309 878 3350 oportet.
925 3307 1066 3340 Videtur
1088 3307 1173 3340 enim

123 3365 207 3400 milii
217 3375 294 3400 cum
307 3366 408 3400 fratre
419 3376 486 3400 non
503 3367 611 3402 solum
631 3368 673 3401 de
686 3368 800 3408 sactis,
824 3376 900 3410 quae
921 3367 976 3400 ille
993 3375 1054 3409 pro
1074 3375 1173 3410 repu-

123 3424 210 3460 blica
228 3424 349 3468 gessit,
369 3425 426 3460 sed
451 3426 550 3460 etiam
579 3427 621 3461 de
642 3427 766 3460 mutuis
785 3426 953 3459 beneficiis
969 3425 1172 3460 contenden-

2250 187 2303 229 89

1312 277 1374 305 rso.
1396 265 1624 310 Σπεύσιππος
1643 268 1871 318 Ξενοκράτει.

1309 323 1493 375 Ἐνόμιζον
1519 326 1713 373 ἐπιτήδειον
1747 324 1836 367 εἶναί
1872 345 1932 381 μοι
1965 331 2072 381 μηδὲν
2098 334 2168 371 τῶν
2188 336 2304 380 καλῶς

1256 383 1408 436 ἐχόντων
1432 385 1666 436 παραλιπεῖν,
1695 387 1756 434 καὶ
1775 387 1831 426 διὰ
1853 388 1915 435 τὴν
1933 389 2124 437 Πλάτωνος
2143 393 2302 445 ἐντολήν,

1254 442 1315 482 καὶ
1333 441 1391 481 διὰ
1406 442 1470 490 τὴν
1491 443 1719 496 ὑπάρχουσαν
1741 447 1818 496 ἐμοὶ
1837 448 1897 486 καὶ
1922 449 1975 487 σοὶ
1994 449 2128 503 φιλίαν.
2160 453 2232 492 Καὶ
2260 453 2300 500 δὴ

1255 500 1356 555 ᾤμην
1370 507 1387 525 ⁸
1407 502 1477 540 δεῖν
1492 502 1624 556 γράψαι
1649 503 1734 556 πρὸς
1759 505 1823 558 σέ,
1856 509 1902 551 ὥς
1923 508 2136 561 διακείμενος
2168 512 2303 565 τυγχά-

1255 577 1304 599 νω
1322 560 1362 599 τὸ
1384 560 1582 611 σωμάτιον,
1607 561 1668 601 καὶ
1688 563 1774 603 διότι
1795 565 1926 616 νομίζω
1958 569 2240 621 παραγενόμενόν
2264 586 2303 610 σε

1255 621 1304 664 εἷς
1323 619 1541 671 Ἀκαδημίαν
1555 621 1573 644 ¹²
1593 621 1748 674 συνέχειν
1776 622 1834 662 τὸν
1854 624 2046 677 περίπατον
2066 633 2093 664 ⁰.
2123 630 2249 668 Ταῦτα
2266 630 2302 669 δὲ

1254 681 1302 723 ὥς
1335 677 1454 718 δίκαιά
1483 679 1559 718 ἔστι
1587 679 1647 718 καὶ
1678 682 1794 724 καλῶς
1826 681 1975 734 ἔχοντα,
1999 684 2216 738 πειράσομαί
2248 702 2303 727 σοι

1255 735 1410 790 φράζειν.
1429 736 1584 776 Πλάτων
1601 767 1612 787 ,
1643 738 1802 792 καθάπερ
1822 741 1880 778 καὶ
1911 740 1953 779 σὺ
1983 735 2104 792 οἶσθα,
2128 744 2187 782 καὶ
2208 746 2243 783 ἐν
2265 748 2304 784 οὗ

1253 798 1296 848 τῇ
1316 795 1472 848 τυχούσῃ
1489 798 1574 848 τιμῇ
1591 795 1609 819 ‘¹
1626 795 1690 842 τὴν
1710 797 1745 834 ἐν
1766 797 1967 851 Ἀκαδημίᾳ
1985 800 2168 852 διατριὸὴν
2192 796 2275 854 ἦγεν
2290 833 2300 851 ,

1251 854 1401 905 νομίζων
1421 847 1509 893 εἶναί
1527 870 1560 892 τι
1585 854 1645 892 καὶ
1664 854 1749 907 πρὸς
1775 855 1874 901 δόξαν
1897 857 2005 911 ὀρθήν
2021 889 2033 910 ,
2054 859 2116 898 καὶ
2135 859 2221 913 πρὸς
2245 861 2303 899 τὸν

1253 915 1359 952 αὐτοῦ
1389 912 1466 965 βίον
1495 911 1555 951 καὶ
1572 912 1635 959 τὴν
1663 911 1806 966 ὕστερον
1834 917 1918 967 παρ’
1952 916 2146 970 ἀνθρώποις
2180 919 2301 970 μνείαν

1252 971 1439 1024 ἐσομένην.
1461 971 1535 1010 Καὶ
1557 971 1687 1010 *conicum
1701 970 1811 1016 οὕτως
1835 973 1987 1025 ἐχόντων
2002 1004 2013 1022 ,
2048 975 2135 1015 διότι
2163 992 2202 1016 σε
2222 978 2303 1030 περὶ

1251 1031 1408 1074 πλείονος
1437 1029 1641 1080 ποιούμενος
1685 1031 1859 1083 ἐτύγχανε
1873 1061 1883 1080 ‚
1927 1034 2097 1072 τελευτῶν
2131 1035 2189 1075 τὸν
2226 1036 2300 1088 βίον

1251 1090 1505 1144 ἐμαρτύρησεν.
1525 1089 1731 1143 Ἐπέσκηψε
1752 1089 1820 1143 γὰρ
1838 1096 1946 1130 πᾶσιν
1959 1094 2044 1142 ἡμῖν
2058 1095 2129 1138 τοῖς
2149 1095 2302 1148 οἰκείοις,

1252 1150 1294 1189 ἄν
1331 1166 1366 1190 τι
1399 1148 1535 1201 πάθῃς,
1555 1148 1642 1202 πρὸς
1677 1148 1800 1187 ἑαυτὸν
1834 1150 1943 1188 θεῖναί
1975 1166 2035 1200 σε,
2064 1152 2210 1203 νομίσας
2242 1157 2304 1194 οὔκ

1252 1208 1573 1262 ἀπαλλαγήσεσθαί
1594 1223 1633 1247 σε
1658 1208 1698 1247 τὸ
1727 1208 1898 1261 παράπαν
1919 1208 1953 1254 ἐξ
1986 1209 2218 1262 Ἀκαδημίας.
2240 1214 2303 1252 Διὸ

1252 1270 1294 1318 δὴ
1317 1269 1377 1309 καὶ
1403 1267 1559 1321 μάλιστά
1584 1283 1644 1320 μοι
1668 1267 1834 1321 φαίνεταί
1851 1284 1906 1307 σοι
1931 1270 2108 1322 προσῆκόν
2132 1264 2223 1309 εἶναι
2243 1273 2303 1311 καὶ

1251 1332 1363 1375 ζῶντα
1384 1328 1446 1368 καὶ
1471 1327 1662 1376 τεθνηκότα
1693 1328 1871 1367 Πλάτωνα
1893 1334 2016 1382 τιμᾷν.
2042 1331 2143 1369 Θεῶν
2166 1331 2234 1384 γὰρ
2253 1331 2294 1378 δὴ

1251 1388 1311 1427 καὶ
1342 1387 1474 1439 γονέων
1501 1387 1562 1426 καὶ
1596 1388 1792 1426 ἐπιστολῶν
1823 1387 1989 1435 ποιητέον
2021 1390 2222 1437 ἐπιμέλειαν
2244 1390 2303 1429 τὸν

1249 1445 1433 1499 χαρίεντα.
1456 1445 1672 1493 Οἶκειοτάτη
1693 1445 1730 1484 δὲ
1751 1451 1821 1490 τοῖς
1841 1445 2035 1499 εἰρημένοις
2051 1448 2237 1500 εὓρίσκοιτ’
2261 1449 2303 1488 ἂν

1251 1498 1338 1544 οῧσα
1365 1509 1388 1553 ἡ
1406 1505 1599 1549 Πλάτωνος
1618 1504 1784 1543 συνουσία
1809 1505 1895 1558 πρὸς
1914 1505 1993 1550 τοὺς
2013 1507 2190 1552 συνόντας.
2220 1510 2301 1548 Τῶν

1251 1561 1315 1614 μὲν
1329 1563 1396 1616 γὰρ
1415 1565 1462 1608 ὡς
1478 1562 1648 1616 γεννήσας
1659 1593 1670 1614 ,
1682 1565 1752 1601 τῶν
1765 1562 1800 1601 δὲ
1811 1559 1858 1607 ὡς
1872 1564 2054 1617 εὐεργέτης
2075 1567 2278 1616 ἐπεμελεῖτο
2288 1597 2300 1617 ,

1249 1624 1349 1674 κοινῇ
1371 1621 1406 1660 δὲ
1430 1621 1517 1673 πρὸς
1531 1621 1690 1666 ἅπαντας
1714 1624 1792 1661 θεοῦ
1810 1621 1905 1667 τάξιν
1927 1615 2034 1676 εἶχεν.
2059 1624 2301 1676 Συμὸουλεύω

1250 1677 1286 1716 δὲ
1307 1678 1415 1717 καλὸν
1437 1678 1629 1730 ἡγούμενος
1651 1680 1713 1719 καὶ
1735 1679 1868 1719 δίκαιον
1896 1674 1987 1720 εἶναι
2009 1683 2113 1735 χάριν
2135 1683 2301 1723 ἀποδιδό-

1245 1752 1303 1776 ναι
1334 1753 1373 1777 σε
1402 1738 1569 1778 Πλάτωνι
1598 1740 1722 1777 πασῶν
1745 1738 1934 1790 μεγίστην,
1964 1741 2120 1794 κᾴκείνῳ
2142 1743 2301 1793 μάλιστα

1248 1796 1483 1848 ἁρμόζουσαν·
1511 1794 1678 1846 Ιοἰποδοίης
1710 1795 1738 1835 δ’
1770 1797 1811 1835 ἄν
1825 1803 1853 1845 ⁸³,
1885 1799 1915 1836 εἷ
1942 1799 2223 1852 παραγενόμενος
2254 1804 2302 1848 εἷς

1247 1855 1470 1906 Ἀκαδημίαν
1489 1857 1547 1896 τὸν
1564 1855 1757 1908 περίπατον
1777 1861 1848 1901 τοῖς
1868 1862 1939 1901 σοῖς
1955 1858 2069 1909 λόγοις
2093 1859 2253 1913 συνέχοις
2273 1861 2298 1899 ².

1246 1914 1362 1968 Σοφία
1379 1915 1447 1968 γὰρ
1476 1914 1608 1963 ἀληθὴς
1627 1914 1756 1967 λέγοιτ’
1785 1915 1826 1954 ἂν
1864 1915 1993 1961 ἔνδικος
2026 1917 2212 1970 βεὸαιότης
2239 1920 2300 1959 καὶ

1245 1973 1413 2023 πιστότης
1425 1979 1456 2014 ⁸.
1482 1973 1665 2027 Προσήκει
1694 1975 1731 2013 δὲ
1759 1977 1854 2025 ἡμᾶς
1883 1977 1918 2014 ἐν
1939 1977 2073 2020 τούτοις
2107 1977 2196 2016 πολὺ
2229 1981 2298 2017 τῶν

1244 2034 1383 2072 πολλῶν
1405 2031 1597 2086 ἀνθρώπων
1612 2034 1632 2059 ¹¹
1646 2033 1836 2088 διαφέρειν.
1855 2033 1908 2074 Σὺ
1924 2033 1959 2072 δὲ
1978 2035 2038 2073 καὶ
2060 2036 2170 2081 δοκεῖς
2193 2038 2298 2076 πλέον

1244 2095 1305 2131 τοῦ
1331 2091 1570 2144 προσήκοντος
1584 2092 1756 2143 ἐπιμελὴς
1769 2086 1875 2132 εἶναι.

1297 2150 1495 2205 (Epistola
1524 2151 1629 2203 haec,
1666 2152 1817 2191 incerto
1855 2161 2014 2191 auctore
2052 2155 2211 2204 vulgata
2242 2156 2291 2194 ab

1242 2206 1391 2248 Orellio
1409 2210 1437 2250 l.
1462 2225 1496 2249 c.
1518 2223 1610 2263 pag.
1628 2215 1747 2257 lio-[01
1762 2241 1772 2261 ,
1796 2211 1900 2250 inter
1918 2211 2136 2252 Socraticas
2168 2215 2291 2265 trige-

1243 2270 1343 2308 sima
1380 2269 1550 2308 secunda
1587 2278 1659 2310 est.
1694 2270 1804 2309 Hanc
1837 2283 1948 2322 aeque
1992 2284 2037 2309 ac
2073 2282 2296 2323 sequentem

1246 2327 1456 2380 Speusippi
1484 2341 1568 2366 esse
1590 2328 1638 2366 ad
1671 2327 1930 2367 Xenocratem
1968 2329 2097 2368 datam
2132 2344 2180 2369 ex
2199 2332 2295 2371 Dio-

1243 2387 1353 2436 genis
1380 2386 1526 2425 Laertii
1546 2386 1681 2425 verbis
1712 2387 1754 2425 in
1777 2387 1863 2438 ejus
1894 2389 1974 2426 vita
1999 2398 2102 2427 recte
2137 2390 2295 2440 collegit

1244 2445 1425 2485 Allatius.
1446 2444 1622 2497 Namque
1643 2446 1712 2484 ille
1731 2446 1801 2486 lib.
1823 2444 1890 2495 IV,
1914 2448 1935 2486 3
1958 2447 2014 2486 ait
2045 2462 2054 2485 ε
2081 2447 2150 2495 ἤδη
2172 2448 2208 2487 δὲ
2227 2450 2294 2488 ὑπὸ

1245 2504 1475 2556 παραλύσεως
1494 2504 1554 2543 καὶ
1573 2503 1613 2543 τὸ
1633 2507 1740 2557 σῶμα
1765 2504 1969 2559 διέφθαρτο,
1991 2506 2051 2546 καὶ
2071 2506 2156 2560 πρὸς
2184 2509 2294 2547 Ξενο-

1241 2563 1374 2616 κράτην
1398 2564 1612 2615 διεπέμπετο
1622 2594 1633 2613 ,
1651 2566 1870 2617 παρακαλῶν
1886 2565 1987 2604 αὐτὸν
2002 2568 2111 2605 ἐλθεῖν
2124 2596 2135 2615 ,
2153 2566 2215 2605 καὶ
2231 2566 2294 2614 τὴν

1240 2711 1321 2744 dum
1331 2719 1416 2753 esse,
1433 2720 1476 2744 ne
1489 2712 1550 2745 tua
1561 2711 1693 2757 illorum
1705 2713 1933 2756 magnitudine
1945 2714 2144 2749 obruantur.
2167 2718 2294 2749 Verum

1239 2770 1273 2802 id
1300 2770 1443 2804 maxime
1457 2779 1575 2804 curare
1601 2771 1715 2812 debes,
1730 2772 1769 2805 ut
1786 2772 1933 2815 prudens
1958 2772 2005 2806 sis
2019 2797 2028 2815 ,
2054 2774 2089 2807 et
2107 2774 2202 2807 fratri
2216 2777 2292 2816 tuo,

1240 2830 1351 2872 quoad
1368 2830 1466 2863 talem
1489 2839 1525 2864 se
1542 2830 1604 2864 tibi
1621 2831 1799 2873 praebebit,
1826 2832 1959 2875 qualem
1975 2841 2063 2866 nunc
2086 2842 2123 2867 se
2140 2834 2289 2876 praebet,

1239 2889 1456 2932 obtemperes.
1477 2889 1572 2923 vale.

1284 2951 1353 2982 189.
1374 2949 1576 2992 Speusippus
1592 2949 1781 2983 Xenocrati.

1278 3007 1515 3043 Existimabam
1539 3008 1622 3042 mihi
1646 3011 1903 3043 consentaneum
1933 3019 2009 3044 esse
2020 3036 2029 3052 ‚
2062 3011 2143 3044 nihil
2176 3021 2290 3046 eorum

1236 3078 1312 3112 quae
1328 3068 1416 3103 bona
1446 3068 1556 3103 forent
1581 3068 1713 3103 silentio
1744 3071 1932 3112 praeterire,
1966 3079 2043 3104 cum
2071 3072 2114 3105 ob
2146 3072 2290 3105 Platonis

1236 3128 1407 3170 mandata,
1440 3130 1514 3161 tum
1529 3127 1573 3161 ob
1588 3127 1699 3161 mutui
1719 3129 1822 3161 nostri
1840 3129 1962 3162 amoris
1983 3129 2166 3163 vlnculum.
2211 3129 2290 3162 Ideo

1236 3186 1318 3219 mihi
1330 3186 1441 3220 visum
1456 3187 1508 3220 est
1525 3185 1569 3220 ad
1587 3187 1621 3220 ie
1639 3186 1811 3228 epistolam
1828 3186 1926 3226 dare,
1948 3195 2014 3228 qua
2035 3186 2078 3220 de
2100 3188 2286 3230 corpusculi

1235 3245 1302 3278 mei
1328 3244 1522 3279 infirmitate
1537 3245 1573 3279 te
1592 3244 1768 3278 certiorem
1797 3246 1938 3278 facerem
1951 3269 1961 3286 ‚
1984 3247 2018 3279 et
2035 3246 2124 3288 quod
2140 3248 2239 3288 pulo,
2258 3246 2286 3278 si

1234 3304 1333 3338 modo
1353 3305 1387 3338 in
1406 3292 1617 3338 Academiam
1633 3304 1805 3338 adveneris
1818 3330 1826 3345 ,
1846 3306 1918 3338 sore
1940 3306 1978 3338 ut
1990 3305 2282 3347 Peripateticorum

1232 3365 1397 3398 licentiam
1415 3364 1622 3407 comprimas.
1667 3366 1748 3398 Haec
1760 3366 1871 3398 autem
1888 3364 1982 3407 Justa
1996 3367 2030 3397 et
2042 3364 2181 3397 honesta
2196 3373 2281 3405 esse,

1232 3426 1266 3458 te
1282 3425 1402 3458 docere
1418 3424 1573 3458 conabor.
1617 3424 1713 3457 Plato
1725 3449 1733 3464 ,
1757 3427 1796 3458 ut
1813 3425 1847 3457 et
1864 3425 1900 3457 tu
1927 3425 2030 3466 probe
2043 3423 2120 3464 scis,
2150 3421 2279 3464 plurimi
