2508 3776
245 192 323 230 566

242 294 353 318 νοιντο
369 277 409 316 ἂν
432 280 500 316 τῶν
524 278 646 316 κοινῶν
669 276 700 315 οἱ
727 278 806 315 καθ’
822 275 970 316 ἕκαστον
998 276 1120 326 νόμοι,
1142 277 1202 316 καὶ
1224 277 1280 316 διὰ

241 340 343 376 τοῦτο
362 335 663 388 λυσιτελέστεροι,
687 335 846 388 καθάπερ
868 334 929 374 καὶ
960 334 1018 374 ἐπὶ
1037 338 1099 383 τῆς
1126 337 1284 389 ἰατρικῆς

241 396 329 449 ἔχει.
355 395 428 435 Καὶ
447 395 514 448 γὰρ
534 397 565 434 οἱ
589 394 724 447 μερικοὶ
744 396 893 447 ἰατρικοὶ
912 393 1020 446 λόγοι,
1038 395 1069 433 οἱ
1089 395 1162 440 ἑνὸς
1178 396 1284 447 ἐφαρ·

243 454 400 504 μόζοντες
418 453 579 504 σώματος
599 452 665 498 ἕξει
680 483 691 502 ,
717 453 850 506 βέλτιον
873 453 1030 492 ἰάσονται
1046 456 1115 493 τῶν
1139 455 1218 494 καθ’
1237 455 1284 494 ὅ-

240 514 302 551 λου
315 528 324 537 ·
343 513 349 534 ἰ
371 514 447 551 καθ’
470 511 549 551 ὅλου
566 511 628 563 μὲν
644 510 712 564 γὰρ
737 513 785 565 τῷ
803 512 1007 564 πυρέττοντι
1027 513 1196 567 συμφέρει
1210 516 1286 553 ἀσι-

240 571 298 609 τία
316 571 376 610 καὶ
397 572 528 624 ἡσυχία
541 601 551 619 ,
574 571 641 610 τινὶ
661 570 697 609 δὲ
720 570 802 616 ἴσως
821 572 859 610 οὗ
880 576 990 611 ταῦτα
1010 572 1102 611 ἀλλὰ
1120 572 1286 612 τάναντία

240 629 480 680 λυσιτελήσει,
510 630 570 669 καὶ
590 629 646 669 διὰ
668 632 808 669 τοῦτοὸ
841 630 890 668 ἑνὶ
924 629 1062 680 σώματι
1092 633 1286 681 νομοθετῶν

241 689 484 742 ἀκριὸέστερον
502 688 726 740 νομοθετήσει
740 692 799 727 τοῦ
819 695 925 727 πᾶσιν
942 688 1062 734 ἁπλῶς
1074 690 1285 736 διαιτῶντος·

240 749 301 787 καὶ
322 748 519 792 ὃπυκτικὸς
539 748 597 799 δέ,
614 747 672 786 ἐὰν
695 748 763 786 ἀπὸ
784 750 842 786 τοῦ
862 747 916 786 ἀεὶ
938 748 1108 801 παρόντος
1129 750 1286 802 ἀνταγω-

240 811 357 846 νιστοῧ
378 806 436 846 τὸν
457 809 575 859 ἀγῶνα
592 808 753 860 διατιθῇ,
775 805 835 846 καὶ
852 807 914 855 τὴν
937 808 1056 860 μάχην
1080 809 1144 860 οὐχ
1163 807 1286 859 ὁμοίαν

241 867 296 906 ἀεὶ
314 866 378 915 τὴν
397 866 525 914 αὐτήν,
560 866 652 904 ἀλλὰ
679 865 925 918 προσήκουσαν
959 867 1098 919 ἑκάστῳ
1119 869 1285 918 ποιῆται,

242 925 381 975 ἄμεινον
417 926 634 975 ἀγωνιεῖται·
657 924 718 964 καὶ
748 923 836 969 ὅλως
871 924 1116 978 ἀκριὸέστερον
1139 924 1286 966 ἕκαστον

242 983 509 1036 ὠφεληθήσεται
524 1014 533 1033 ,
550 986 613 1032 τῆς
636 984 837 1035 ἐπιμελείας
854 984 942 1029 ἰδίας
959 983 1018 1022 καὶ
1039 985 1115 1023 καθ’
1136 983 1282 1024 ἕκαστον

241 1043 445 1095 γινομένης,
468 1043 559 1082 οὕτω
577 1043 646 1096 γὰρ
668 1043 803 1096 ἑκάστῳ
823 1042 957 1095 γένοιτο
973 1046 1032 1081 τοῦ
1051 1041 1286 1095 προσήκοντος

241 1108 373 1154 τυχεῖν.
398 1102 559 1155 Φανερὸν
583 1103 717 1151 τοίνυν,
734 1102 787 1142 ὅτι
808 1101 1036 1154 ἐπιμεληθείη
1069 1101 1131 1153 μὲν
1159 1100 1286 1154 ἄριστα

241 1163 300 1202 καὶ
321 1162 393 1206 ἑνός
422 1178 512 1206 τινος
540 1162 600 1201 καὶ
620 1162 746 1215 ὀλίγων
761 1193 770 1210 ,
792 1165 809 1201 ὁ
829 1163 868 1201 τὸ
886 1163 961 1201 καθ’
984 1160 1064 1201 ὅλου
1087 1162 1284 1213 γινσώκων,

242 1220 264 1268 ἢ
288 1221 422 1272 ἰατρός,
458 1221 481 1270 ἢ
511 1222 740 1273 γυμναστής,
766 1221 790 1269 ἢ
811 1221 1020 1272 νομοθέτης,
1052 1219 1191 1260 ἐπειδὰν
1228 1220 1284 1258 τὸν

242 1280 321 1319 καθ’
350 1280 430 1319 ὅλου
451 1280 551 1333 λόγον
573 1284 633 1328 τῆς
662 1281 858 1331 ἐπιστήμης
886 1280 1025 1332 συνάψῃ
1046 1282 1095 1331 τῷ
1125 1282 1258 1331 μερικῷ
1277 1291 1285 1300 ·

243 1339 302 1377 καὶ
322 1338 388 1390 γὰρ
406 1332 494 1377 οἶδεν
521 1339 543 1378 ἃ
563 1345 691 1387 πᾶσιν,
711 1339 734 1386 ἢ
766 1340 932 1384 τοιῶσδε,
954 1339 975 1385 ἢ
1007 1337 1116 1382 οὕτως
1137 1337 1282 1390 ἔχουσι,

242 1399 434 1436 λυσιτελεῖ·
459 1402 519 1436 τοῦ
551 1402 665 1437 κοινοῦ
696 1397 763 1450 γὰρ
786 1399 821 1435 αἱ
847 1399 1041 1448 ἐπιστῆμαι
1073 1395 1235 1448 λέγονταί
1250 1412 1287 1435 τε

243 1455 303 1494 καί
326 1457 426 1495 εἰσιν.
460 1455 572 1495 Οὐδὲν
595 1457 630 1494 δὲ
651 1456 780 1495 κωλύει
801 1456 861 1495 καὶ
884 1456 941 1495 τὸν
970 1455 1020 1506 μὴ
1049 1456 1089 1494 τὸ
1110 1457 1188 1493 καθ’
1207 1453 1287 1493 ὅλου

243 1514 370 1562 εἰδότα,
390 1515 596 1565 τεθεαμένον
612 1515 646 1554 δὲ
665 1514 818 1568 ἀκριὸῶς
837 1515 880 1554 *ei
895 1515 1134 1565 συμὸαίνοντα
1150 1514 1288 1567 ἑκάστῳ

243 1575 287 1611 δι’
308 1573 514 1626 ἐμπειρίαν,
551 1573 623 1618 ἑνός
653 1590 742 1618 τινος
771 1576 886 1618 καλῶς
921 1575 1198 1624 ἐπιμεληθῆναι·
1229 1575 1288 1611 καὶ

243 1631 309 1684 γὰρ
333 1631 444 1684 ἰατροί
467 1631 553 1676 τινές
575 1634 640 1670 εἰσι
661 1635 728 1670 τῶν
763 1632 937 1683 σωμάτων
958 1635 1026 1671 τῶν
1047 1635 1197 1684 ἑαυτῶν,
1222 1633 1287 1672 ἄλ·-

243 1691 314 1734 λοις
348 1693 459 1729 ταῦτα
496 1690 545 1740 μὴ
579 1692 767 1740 δυνάμενοι
794 1695 946 1744 βοηθεῖν.
975 1691 1130 1742 Ὁμοίως
1162 1691 1197 1730 δὲ
1229 1692 1288 1730 καὶ

243 1749 300 1787 ἐπὶ
321 1751 388 1787 τῶν
412 1748 530 1788 ἄλλων
552 1749 842 1800 ἐπιτηδευμάτων
863 1749 1072 1800 συμὸαίνει,
1095 1749 1155 1787 καὶ
1181 1749 1289 1795 οὕτως

243 1807 279 1845 δὲ
301 1810 361 1854 τῆς
398 1809 582 1862 ἐμπειρίας
605 1809 780 1862 ἀρκούσης
806 1808 889 1862 πρὸς
919 1807 982 1855 τὴν
1015 1807 1185 1860 ὠφέλειαν
1219 1812 1287 1848 τῶν

243 1867 529 1917 ἐπιτηδευμάτων
551 1868 706 1906 ἑκάστων
725 1867 818 1915 ,τήν
841 1883 877 1918 γε
902 1866 1100 1917 ἐπιστήμην
1123 1866 1288 1913 ζητητέον

242 1926 339 1978 πάσῃ
361 1928 519 1978 σπουδῇ,
546 1927 605 1965 καὶ
641 1927 825 1979 βαδιστέον
859 1925 916 1964 ἐπὶ
951 1926 989 1964 τὸ
1023 1926 1100 1963 καθ’
1137 1924 1217 1964 ὅλου
1239 1929 1287 1978 τῷ

242 1986 392 2036 τεχνικῷ
427 1985 483 2023 καὶ
520 1988 719 2037 θεωρητικῷ
755 1984 954 2036 βουλομένῳ
987 1983 1161 2035 γενέσθαι.
1197 1985 1287 2036 Περὶ

243 2044 309 2095 γὰρ
330 2043 368 2081 τὸ
388 2045 463 2082 καθ’
481 2043 560 2082 ὅλου
581 2047 601 2090 ἡ
618 2043 796 2093 ἐπιστήμη
811 2059 819 2067 ·
843 2042 1025 2094 γινώσκειν
1049 2041 1084 2079 δὲ
1105 2040 1196 2081 οὕτω
1216 2043 1285 2094 χρὴ

242 2100 282 2140 τὸ
298 2104 376 2141 καθ’
396 2103 496 2150 ὅλου,
520 2102 558 2140 τό
579 2117 618 2153 γε
637 2105 698 2148 τῆς
731 2103 888 2155 ἰατρικῆς
905 2131 914 2149 ,
933 2100 955 2147 ἢ
990 2103 1214 2152 νομοθετικῆς
1231 2129 1241 2148 ,
1263 2101 1284 2148 ἢ

244 2158 352 2208 ἄλλης
379 2161 538 2208 τοιαύτης
569 2159 765 2210 ἐπιστήμης
781 2190 790 2207 ,
811 2162 877 2212 οὐχ
905 2163 950 2204 ὡς
971 2161 1132 2209 ἀκίνητον
1154 2160 1213 2200 καὶ
1233 2160 1286 2199 ἀεὶ

243 2219 408 2264 ὡσαύτως
442 2220 543 2272 ἔχον,
579 2218 655 2257 ἀλλ’
691 2221 737 2262 ὡς
764 2219 920 2269 μάλιστα
949 2220 1189 2273 ἐνδεχόμενον·
1219 2222 1288 2258 τῶν

243 2278 480 2331 ἐνδεχομένων
514 2279 580 2331 γὰρ
602 2278 661 2317 καὶ
693 2280 731 2317 οὒ
765 2281 831 2316 τῶν
854 2278 1026 2326 ἀκινήτων
1062 2281 1097 2317 αἱ
1130 2279 1289 2318 τοιαῦταί

243 2337 329 2374 εἰσιν
368 2339 576 2388 ἐπιστῆμαι.
610 2336 787 2383 Ζητητέον
817 2337 928 2375 τοίνυν
965 2338 1016 2389 ἐφ’
1055 2336 1202 2374 ἑκάστου
1225 2336 1288 2383 τὴν

244 2395 440 2444 ἐπιστήμην
454 2411 462 2419 ·
484 2395 543 2434 καὶ
564 2395 619 2433 τὸν
645 2395 855 2446 βουλόμενον
875 2396 916 2433 δι’
941 2395 1141 2446 ἐπιμελείας
1176 2396 1288 2446 βελτί-

244 2469 298 2497 ους
319 2460 452 2505 ποιεῖν,
490 2454 558 2493 εἴτε
578 2453 744 2502 πολλούς,
776 2453 844 2492 εἴτε
879 2454 1028 2505 ὀλίγους,
1066 2454 1288 2505 νομοθετικὸν

244 2512 423 2564 πειρατέον
443 2512 601 2563 γενέσθαι
619 2529 627 2537 ·
652 2512 711 2551 καὶ
730 2512 797 2565 γὰρ
832 2511 889 2551 διὰ
909 2515 976 2551 τῶν
1000 2513 1113 2564 νόμων
1147 2513 1231 2565 πρὸς
1249 2513 1289 2552 τὸ

246 2570 372 2620 ἀγαθὸν
387 2571 572 2620 κινούμεθα
586 2601 595 2618 ,
616 2571 676 2610 καὶ
695 2571 756 2617 τὴν
776 2571 915 2623 ἀρετήν.
936 2573 989 2611 Οὐ
1012 2571 1079 2624 γὰρ
1104 2571 1176 2610 ἔστι
1192 2571 1207 2592 ¹³
1228 2576 1288 2610 τοῦ

245 2628 406 2679 τυχόντος
425 2628 447 2676 ἢ
471 2629 643 2680 πολλούς,
664 2628 686 2676 ἢ
708 2629 769 2668 ἕνα
790 2630 867 2668 τινὰ
885 2632 999 2674 καλῶς
1018 2633 1206 2678 διαθεῖναι,
1228 2631 1286 2669 καὶ

245 2689 433 2726 παιδεῦσαι
451 2689 535 2741 πρὸς
557 2689 682 2741 ἀρετὴν
708 2689 799 2741 ἔχειν
820 2689 952 2733 οἰκείως
966 2705 973 2713 ·
995 2690 1073 2728 ἀλλ’
1092 2688 1161 2740 εἴγε
1187 2693 1289 2728 τοῦτο

247 2747 388 2785 δυνατὸν
408 2748 441 2785 ἐν
461 2746 673 2797 ἀνθρώποις,
696 2749 819 2791 ἐκεῖνος
847 2748 889 2786 ἂν
923 2747 1082 2795 δυνηθείη
1113 2746 1234 2796 μόνος,
1255 2747 1289 2792 ὃς

246 2797 315 2842 οἶδε
336 2805 458 2856 νόμους
488 2806 565 2849 τοὺς
585 2805 645 2856 μὲν
671 2807 817 2858 κρίνειν,
842 2806 918 2850 τοὺς
940 2806 974 2845 δὲ
994 2806 1137 2844 τιθέναι.

306 2863 474 2916 (Scripsi
494 2880 502 2902 ε
521 2871 537 2887 ²²
570 2864 733 2916 στέργον]
753 2866 838 2904 cod.
863 2866 1031 2918 στέργων.
1058 2888 1108 2893 -
1130 2865 1144 2888 ¹³
1167 2866 1289 2917 δυσχε-

249 2926 387 2981 ραῖνον]
407 2924 490 2963 cod.
508 2924 755 2976 δυσχεραίνων.
779 2947 832 2955 -—-
850 2932 862 2948 ⁰
880 2926 958 2976 ζῆν]
973 2925 1058 2964 cod.
1071 2927 1146 2977 ζῇν.
1158 2947 1209 2952 —-
1227 2924 1241 2945 ‘¹
1257 2924 1290 2969 ἐξ

249 2986 385 3039 ἀρχῆς]
408 2985 492 3022 cod.
517 2984 677 3035 ἔξαρχ’-ῆς·
699 3004 752 3013 -
770 2988 785 3006 ‘³
805 2985 894 3037 κᾶν]
916 2985 1001 3023 cod.
1028 2983 1104 3038 κᾷν.
1129 2993 1287 3021 -ῐκο-

249 3044 359 3098 μιδῇ[
379 3044 463 3082 cod.
496 3044 635 3093 κομιδῆ.
655 3063 707 3071 --
725 3054 740 3077 s
757 3045 840 3097 μιᾷ]
872 3045 990 3093 vulgo
1019 3043 1098 3095 μίᾳ.
1121 3067 1171 3073 —
1188 3042 1207 3066 ‘¹¹
1229 3044 1290 3080 ἄλ-

248 3105 342 3156 λοις]
367 3104 454 3141 cod.
478 3101 607 3145 ἄλλως.
631 3102 709 3131 —i
730 3102 805 3141 καθ’
825 3102 930 3153 ὅλου]
952 3103 1040 3142 cod.
1057 3102 1216 3142 καθόλου,
1234 3124 1286 3130 -

249 3163 266 3186 ¹
292 3163 389 3212 ἔστι]
413 3161 499 3200 cod.
525 3161 590 3201 ἔτι.
609 3161 690 3214 -)

1046 187 1188 230 ANDR
1195 188 1333 229 ONICI
1364 188 1542 229 RHODII

1349 281 1459 314 habet.
1475 281 1605 324 Quippe
1626 281 1804 323 singularia
1827 284 1999 319 medicinae
2021 290 2183 330 praecepta
2198 289 2232 321 et
2254 295 2330 330 quoe
2345 258 2408 323 nd?

1346 339 1445 372 unius
1469 341 1601 372 tantum
1619 340 1767 382 corporis
1779 341 1930 376 habitum
1949 345 2195 380 accommodata
2209 347 2298 385 sunt,
2317 354 2388 380 me-

1347 397 1412 430 lius
1434 407 1536 440 quam
1559 398 1760 432 universalia
1775 400 1939 434 sanabunt
1967 414 1976 434 z
2002 403 2154 436 universe
2175 404 2263 437 enim
2285 402 2390 438 febri-

1347 456 1462 488 citanti
1487 455 1598 489 inedia
1620 458 1654 490 et
1682 457 1777 499 quies
1801 458 1895 491 utilis
1915 461 1978 499 est,
2001 459 2100 493 alicui
2121 462 2232 494 autem
2251 459 2392 495 {unaue

1347 524 1412 547 non
1436 515 1510 548 haec
1543 514 1602 548 sed
1629 516 1796 548 contraria
1814 517 2007 559 proderunt,
2036 520 2070 552 et
2103 518 2226 553 idcirco
2247 519 2310 564 qui
2333 519 2392 554 uni

1348 574 1476 616 corpori
1503 574 1619 607 scribit
1641 574 1729 616 leges
1756 576 1944 610 accuratius
1966 586 2023 611 eas
2050 578 2182 619 scribet,
2209 587 2312 622 quam
2332 578 2392 622 qui

1347 633 1480 666 omnino
1505 633 1659 667 omnibus
1692 634 1894 668 valetudinis
1927 637 2131 670 curationem
2165 637 2351 680 praescribit
2382 651 2392 671 ι

1349 701 1446 734 porro
1465 692 1565 726 etiam
1581 693 1708 735 peritus
1725 694 1827 736 pugil,
1849 694 1875 726 si
1899 694 2014 728 habita
2037 705 2164 738 semper
2179 696 2307 731 ratione
2321 691 2393 741 ejus

1349 761 1425 784 cum
1437 761 1505 794 quo
1520 752 1731 794 congreditur
1747 752 1944 793 adversarii,
1961 754 2004 787 ad
2018 754 2090 796 ejus
2103 757 2210 788 artem
2228 757 2395 790 certamen

1349 811 1586 852 accommodet,
1601 821 1708 854 neque
1727 812 1851 845 luctam
1867 822 1996 856 semper
2009 814 2148 848 eandem
2164 817 2223 848 aut
2238 810 2392 856 simHem,

1349 871 1407 903 sed
1434 873 1533 912 prout
1554 871 1689 912 singulis
1717 873 1869 905 convenit
1895 873 2060 913 instituat,
2089 874 2209 907 melius
2226 867 2393 916 pertrahite

1349 929 1514 972 quidquid
1538 930 1681 972 denique
1695 933 1756 970 est,
1775 932 1883 964 multo
1901 932 2091 965 accuratius
2107 934 2253 975 geretur,
2277 933 2307 967 si
2319 933 2397 977 quis

1349 988 1514 1030 propriam
1535 990 1568 1021 et
1583 989 1784 1031 peculiarem
1808 990 1857 1022 illi
1882 991 2072 1024 adhibuerit
2101 991 2318 1034 diligentiam,
2348 991 2396 1028 ita

1351 1048 1438 1081 enim
1458 1047 1585 1088 singula
1606 1047 1642 1079 id
1661 1047 1751 1089 quod
1779 1049 1954 1091 requirunt
1979 1051 2232 1092 consequentur.
2251 1049 2391 1096 Manife-

1350 1107 1440 1139 stu‘m
1459 1115 1537 1147 ergo
1553 1107 1615 1145 est,
1637 1115 1714 1138 eum
1730 1106 1853 1148 optime
1869 1116 1940 1140 rem
1960 1116 2059 1140 unam
2080 1109 2139 1141 aut
2156 1104 2394 1150 paucasscura-

1351 1168 1465 1198 turum
1486 1174 1568 1204 esse,
1593 1165 1653 1207 qui
1678 1174 1780 1206 genus
1804 1166 1997 1199 universum
2020 1167 2222 1209 cognoverit,
2240 1167 2311 1202 sive
2323 1176 2394 1202 me-

1350 1224 1445 1256 dicus
1461 1223 1516 1263 sit,
1540 1223 1610 1256 sive
1633 1223 1894 1256 exercendorum
1923 1234 2097 1268 corporum
2124 1226 2296 1269 magister,
2327 1226 2397 1262 sive

1351 1283 1459 1324 legum
1476 1282 1571 1322 lator,
1590 1281 1723 1324 quando
1739 1282 1960 1315 universalem
1977 1282 2122 1316 scientiae
2137 1282 2298 1318 rationem
2310 1293 2397 1328 boum

1351 1341 1507 1384 singulari
1542 1340 1749 1382 conjunxerit
1779 1354 1787 1373 ;
1816 1341 1878 1374 scit
1906 1341 2006 1382 enim,
2045 1350 2122 1384 quae
2150 1341 2306 1376 omnibus
2321 1345 2393 1377 ,aut

1351 1401 1411 1434 tali
1426 1403 1484 1433 aut
1500 1401 1562 1433 hoc
1578 1400 1676 1433 modo
1691 1399 1823 1433 affectis
1847 1401 2030 1434 conducant
2049 1415 2058 1435 z
2077 1410 2190 1435 rerum
2208 1402 2296 1436 enim
2311 1411 2397 1436 wm-

1351 1459 1502 1493 munium
1522 1461 1623 1501 atque
1641 1458 1876 1492 universarum
1903 1461 1935 1492 et
1958 1459 2115 1493 dicuntur
2131 1461 2165 1494 et
2188 1462 2267 1494 sunt
2289 1459 2394 1495 scien·

1352 1519 1418 1552 tiae.
1446 1521 1559 1560 Neque
1582 1521 1692 1551 tamen
1723 1518 1908 1561 quidquam
1937 1518 2102 1560 prohibet,
2131 1519 2309 1562 quominus
2337 1520 2398 1563 qui
2431 1514 2433 1516 ’
2476 1506 2482 1510 ἱ

1352 1577 1550 1610 universalia
1573 1578 1711 1618 ignorat,
1734 1577 1913 1610 dummodo
1941 1577 2138 1620 experiendo
2163 1587 2242 1621 quae
2267 1578 2387 1622 cuique

1351 1637 1501 1670 accidant
1517 1639 1668 1669 accurate
1685 1637 1899 1678 perspexerit,
1919 1636 1977 1669 uni
2004 1637 2104 1670 alicui
2119 1637 2260 1680 pulchre
2277 1646 2395 1671 consu-

1351 1697 1398 1730 lat
1419 1710 1426 1730 :
1458 1695 1614 1729 nimirum
1637 1698 1714 1728 sunt
1736 1695 1873 1737 quidam
1905 1704 2041 1728 suorum
2063 1704 2238 1738 corporum
2260 1695 2394 1736 medici,

1350 1756 1410 1799 qui
1430 1755 1504 1789 aliis
1528 1754 1570 1787 ad
1589 1763 1661 1787 eam
1678 1764 1749 1787 rem
1770 1754 1999 1796 adjumentum
2019 1753 2138 1788 afferre
2153 1763 2219 1788 non
2245 1757 2394 1798 possunt.

1350 1814 1509 1849 slmiliter
1531 1816 1566 1846 et
1594 1814 1629 1846 in
1648 1813 1775 1846 caeteris
1808 1813 1929 1846 studiis
1958 1815 2058 1856 atque
2083 1813 2247 1847 institutis
2272 1814 2394 1855 evenit,

1350 1875 1384 1907 et
1399 1873 1474 1906 licet
1487 1873 1550 1904 hoc
1568 1872 1666 1905 modo
1683 1872 1885 1913 experientia
1906 1873 1948 1904 ad
1961 1872 2104 1914 agendas
2124 1881 2178 1906 res
2193 1873 2340 1914 singulas
2361 1875 2396 1906 et

1350 1933 1504 1965 instituta
1524 1932 1695 1964 hominum
1717 1930 1871 1964 sufficere
1895 1932 2061 1972 videatur,
2086 1934 2196 1966 tamen
2213 1924 2393 1970 omni‘stu-

1352 1991 1407 2024 dio
1423 1990 1681 2023 incumbendum
1700 1992 1750 2023 est
1771 1990 1815 2023 ad
1833 1991 2014 2030 scientiam,
2037 1993 2071 2024 et
2088 1991 2132 2024 ad
2147 2000 2249 2034 genus
2267 1992 2396 2026 univer-

1352 2060 1426 2083 sum
1450 2050 1727 2092 progrediendum
1745 2051 1796 2082 est
1815 2050 1845 2082 ei
1869 2050 1928 2092 qui
1956 2049 2063 2083 bonus
2084 2049 2204 2083 artifex
2229 2052 2263 2083 et
2283 2056 2395 2084 rei-'um

1353 2110 1588 2151 contemplator
1607 2108 1676 2141 fieri
1690 2108 1775 2141 vult.
1796 2110 1879 2141 Nam
1895 2108 1928 2140 in
1944 2118 2059 2150 genere
2074 2109 2228 2149 universo
2245 2109 2396 2142 versatur

1353 2168 1494 2201 scientia
1514 2180 1521 2198 :
1539 2167 1585 2200 ita
1601 2169 1713 2199 autem
1737 2167 1822 2199 scire
1836 2169 1964 2209 oportet
1977 2167 2012 2200 id
2026 2167 2116 2210 quod
2133 2169 2182 2201 est
2195 2167 2393 2208 universale,

1353 2231 1422 2262 sive
1439 2230 1473 2262 id
1488 2229 1522 2261 in
1542 2228 1704 2261 medicina
1730 2229 1886 2268 cernitur,
1912 2228 1981 2262 sive
1997 2229 2031 2261 in
2051 2229 2159 2271 legum
2184 2228 2405 2263 ferendarum.

1352 2292 1434 2328 arte,
1452 2289 1522 2321 sive
1541 2288 1574 2320 in
1598 2288 1662 2320 alia
1681 2288 1873 2330 hujusmodi
1897 2288 2042 2327 scientia,
2073 2297 2137 2321 non
2159 2287 2414 2331 tanquamim-2

1352 2348 1472 2382 mobile
1490 2349 1523 2380 et
1549 2356 1676 2389 semper
1695 2346 1811 2379 eodem
1838 2346 1935 2378 modo
1961 2346 2130 2386 affectum,
2151 2346 2210 2380 sed
2227 2348 2267 2379 ut
2293 2354 2395 2388 quam

1351 2409 1494 2442 maxime
1507 2407 1696 2448 contingens
1713 2417 1720 2437 ι
1740 2405 1897 2438 nimirum
1911 2406 2180 2447 contingentium,
2195 2415 2260 2438 non
2274 2406 2392 2439 immo-

1351 2468 1467 2501 bilium
1500 2467 1583 2499 tales
1615 2468 1693 2498 sunt
1725 2465 1883 2498 scientiae.
1915 2464 2107 2507 Expetenda
2138 2473 2215 2505 ergo
2249 2464 2392 2507 singula-

1352 2538 1426 2560 rum
1456 2536 1567 2559 rerum
1588 2525 1724 2558 scientia
1757 2527 1884 2567 :atque
1913 2524 1942 2556 ei
1972 2523 2031 2566 qui
2045 2533 2124 2556 cura
2142 2525 2176 2556 et
2203 2523 2315 2556 studio
2341 2524 2394 2557 vel

1351 2587 1474 2619 multos
1504 2585 1557 2617 vel
1575 2593 1698 2626 paucos
1720 2584 1873 2617 meliores
1899 2583 2025 2615 efficere
2055 2582 2139 2622 vult,
2162 2591 2262 2624 opera
2285 2581 2395 2615 danda
2436 2602 2442 2607 -

1351 2648 1413 2684 est,
1437 2646 1475 2677 ut
1502 2645 1610 2686 legum
1631 2643 1843 2676 ferendarum
1860 2641 1993 2675 scientia
2011 2641 2150 2674 excellat
2181 2653 2189 2672 :
2212 2650 2289 2674 nam
2312 2640 2391 2683 legi-

1351 2706 1414 2738 bus
1440 2704 1482 2737 ad
1506 2704 1539 2736 id
1557 2704 1647 2746 quod
1666 2703 1788 2736 bonum
1808 2704 1858 2736 est
1885 2703 1918 2734 et
1940 2701 1982 2734 ad
1999 2701 2158 2733 virtutem
2180 2699 2390 2742 impelIImur.

1350 2766 1422 2798 Non
1454 2763 1541 2796 enim
1586 2762 1762 2805 cujuslibet
1796 2761 1938 2794 hominis
1976 2762 2043 2798 est,
2083 2761 2141 2792 aut
2177 2758 2302 2791 multos
2333 2760 2390 2794 aut

1351 2833 1454 2855 unum
1475 2822 1619 2863 aliquem
1646 2823 1735 2854 recte
1763 2820 1968 2852 conformare
1989 2820 2089 2860 atque
2114 2818 2160 2850 ita
2187 2816 2328 2856 erudire,
2355 2818 2394 2850 ut

1352 2882 1394 2914 ad
1415 2881 1585 2914 colendam
1613 2881 1774 2912 vittutem
1792 2879 1928 2911 idoneus
1947 2877 2066 2910 evadat
2091 2888 2098 2908 :
2129 2875 2187 2909 sed
2213 2875 2242 2909 si
2263 2875 2326 2909 hoc
2351 2871 2400 2909 ab'

1352 2942 1420 2974 ullo
1437 2941 1505 2973 lieri
1521 2940 1626 2982 possit
1649 2939 1792 2977 homine,
1811 2939 1866 2970 ille
1885 2937 1975 2970 solus
1990 2937 2052 2969 hoc
2065 2935 2179 2978 possit,
2205 2934 2264 2978 qui
2283 2935 2392 2977 legum

1351 3003 1384 3034 et
1400 2999 1654 3042 judicandarum
1669 3001 1703 3032 et
1718 2998 1930 3032 ferendarum
1949 2995 2141 3029 facultatem
2154 2995 2284 3028 habeat.

2483 1083 2499 1242 ..senae—„404
2492 1050 2495 1056 -
2490 1023 2494 1031 ‹
