2508 3776
274 182 352 220 442

272 269 331 307 καὶ
353 267 549 319 ἐπιστήμη,
573 266 652 319 περὶ
677 266 719 305 τὰ
741 265 840 320 φύσει
873 267 1089 324 τιμιώτατα,
1128 269 1150 309 ἅ
1170 273 1235 310 εἰσι
1264 271 1309 310 τὰ

273 330 444 377 ἀναγκαῖα
464 327 524 371 καὶ
545 325 598 364 ἀεὶ
621 326 784 369 ὡσαύτως
804 325 942 378 ἔχοντα.

323 384 343 407 *
361 385 424 436 Διὸ
448 383 677 436 Ἀναξαγόραν
706 384 763 422 καὶ
785 386 910 432 Θαλῆν
943 386 1003 425 καὶ
1029 387 1106 432 τοὺς
1138 390 1310 433 τοιούτους

269 442 391 493 σοφοὺς
413 442 474 493 μὲν
494 443 661 493 λέγουσι,
685 443 870 496 φρονίμους
902 444 936 484 δὲ
965 447 1138 498 οὐδαμῶς·
1161 448 1245 497 διότι
1265 448 1308 486 τὰ

268 502 329 552 μὲν
347 505 461 546 αὑτοῖς
481 502 698 556 συμφέροντα
726 503 872 555 ἠγνόουν
900 504 959 543 καὶ
986 505 1029 544 τὰ
1052 506 1138 558 πρὸς
1157 507 1213 546 τὸν
1235 507 1307 559 βίον

265 560 439 613 χρήσιμα,
463 561 646 612 ἐγίνωσκον
663 561 697 599 δὲ
716 563 861 616 περιττά
881 579 972 614 τινα,
991 567 1005 590 ¹3
1025 565 1083 603 καὶ
1104 567 1304 617 θαυμαστά,

265 619 324 657 καὶ
348 619 514 672 χαλεπά,
550 620 610 659 καὶ
642 621 816 672 δαιμόνια.
831 621 846 644 ¹¹
867 621 909 662 ‘H
940 623 1002 674 μὲν
1024 618 1080 662 οὖν
1103 626 1205 677 σοφία
1229 626 1307 676 περὶ

263 691 387 717 ταυτα·
410 679 573 732 φρόνησις
594 679 628 718 δὲ
650 695 728 733 περι
757 680 799 719 τὰ
821 682 1040 734 ἀνθρώπινα,
1069 684 1128 722 και
1156 684 1237 736 περὶ
1258 689 1306 724 ὡν

264 739 337 777 ἐστι
359 739 626 791 βουλεύσασθαι.
659 742 731 779 ”¹103
753 740 820 794 γὰρ
842 741 1008 794 φρονίμου
1032 742 1186 793 μάλιστα
1207 743 1305 782 τουτό

263 813 375 850 φαμεν
396 798 494 850 ἔργον
515 803 620 847 εἶναι,
642 798 680 838 τὸ
701 804 737 839 εὖ
769 801 1009 852 βουλεύεσθαι·
1039 801 1146 845 οὐδεὶς
1174 802 1208 841 δὲ
1226 818 1305 855 περι

262 871 331 895 των
353 858 550 910 ἀναγκαίων
578 858 800 911 βουλεύεται,
823 860 883 899 καὶ
904 859 993 913 ἅπερ
1015 864 1051 900 οὐ
1076 860 1218 900 δύναται
1239 861 1304 900 ἄλ

261 916 329 959 λως
349 915 456 968 ἔχειν·
477 917 553 956 οὐδὲ
576 917 640 956 ὅσα
662 917 711 968 μὴ
732 917 852 971 ἔχουσι
866 919 961 964 τέλος
979 919 1018 958 τὸ
1037 921 1191 973 πρακτὸν
1210 921 1302 972 ἀγα-

260 974 327 1012 θόν·
356 978 378 1022 ἡ
401 975 436 1014 δὲ
452 975 554 1030 σοφία
574 976 710 1020 τέλος”
690 993 765 1030 εχει
781 978 843 1026 τὴν
867 979 1015 1018 καθόλου
1039 978 1220 1026 ἀλήθειαν·
1243 980 1303 1019 καὶ

261 1034 281 1078 ἡ
297 1027 393 1083 μὲν
381 1035 607 1086 υποκείμενον
627 1035 700 1088 ἔχει
716 1037 754 1075 τὸ
773 1036 950 1076 καθόλου’
936 1037 1119 1085 επιστητόν
1132 1066 1143 1086 ,
1163 1037 1222 1077 καὶ
1243 1038 1304 1084 τὰς

260 1092 370 1144 ἀρχὰς
391 1093 532 1142 ἁπάσης
553 1095 764 1146 ἐπιστήμης.

334 1151 417 1192 *Ἡ
441 1153 475 1192 δὲ
497 1154 661 1224 φρόνησις
690 1154 751 1192 καὶ
771 1172 839 1194 των
862 1159 1048 1210 μερικῶν
1035 1159 1119 1196 ἐ·στι
1140 1156 1303 1208 γινώσκει

259 1209 321 1261 μὲν
343 1210 409 1265 γὰρ
430 1215 447 1251 ὁ
464 1212 629 1266 φρόνιμος
649 1213 707 1252 καὶ
727 1214 874 1254 καθόλου
892 1218 970 1254 τίνα
987 1217 1030 1254 τὰ
1044 1220 1104 1255 τοῦ
1120 1217 1301 1269 ἀνθρώπου

259 1270 394 1320 ἀγαθά,
413 1272 578 1323 γινώσκει
600 1271 635 1311 δὲ
654 1274 713 1312 καὶ
733 1273 777 1311 τὰ
805 1274 931 1327 μερικὰ
952 1274 985 1320 εξ
1011 1275 1189 1327 ἀνάγκης,
1217 1275 1294 1314 τίνα

258 1328 343 1366 εἰσὶν
364 1329 386 1367 ἃ
416 1330 466 1368 δεῖ
497 1330 662 1381 πράττειν
680 1332 775 1371 τόνδε
802 1334 858 1372 τὸν
879 1333 1061 1387 ἄνθρωπον
1093 1335 1184 1373 κατὰ
1204 1334 1301 1373 τόνδε

256 1387 314 1426 τὸν
334 1389 468 1440 καιρόν·
488 1390 548 1427 καὶ
561 1389 628 1443 γὰρ
649 1391 824 1442 πρακτική
848 1394 952 1431 ἐστιν·
976 1396 998 1439 ἡ
1022 1393 1055 1430 δε
1078 1392 1203 1444 πρᾶξις
1221 1392 1301 1446 περὶ

255 1445 299 1484 τὰ
323 1446 399 1484 καθ’
421 1448 565 1487 ἕκαστα.
599 1449 666 1487 Διὰ
691 1453 792 1487 τοῦτο
816 1465 875 1488 και
909 1467 940 1489 οι
973 1450 1017 1489 τὰ
1042 1450 1169 1503 μερικὰ
1198 1450 1300 1500 μόνον

256 1505 382 1549 εἰδότες
401 1522 469 1544 των
492 1506 535 1545 τὰ
560 1507 709 1546 καθόλου
740 1509 879 1546 εἰδότων
910 1509 1201 1563 πρακτικώτεροι.
1227 1510 1302 1550 Καὶ

254 1562 380 1607 ὅλως’
365 1580 399 1602 εν
419 1571 527 1603 πᾶσιν
546 1565 617 1604 οἷ’
599 1581 758 1619 εμπειροι
782 1569 914 1618 μᾶλλον
932 1568 1095 1607 δύνανται
1119 1569 1298 1622 πράττειν,

253 1619 275 1668 ἢ
291 1623 322 1659 οἱ
343 1622 387 1660 τὰ
407 1623 555 1662 καθόλου
571 1625 810 1675 γινώσκοντες·
835 1630 864 1665 εἰ
884 1627 952 1680 γάρ
965 1644 1015 1672 τις
1036 1628 1144 1677 εἷδοίη
1164 1628 1226 1679 μὲν
1246 1628 1300 1667 ὅτι

251 1681 296 1719 τὰ
316 1685 428 1736 κοῦφα
448 1683 532 1734 κρέα
553 1683 707 1722 εὔπεπτα
728 1700 787 1723 και
808 1687 963 1737 ὑγιεινά,
995 1686 1073 1725 τίνα
1099 1686 1134 1725 δέ
1153 1689 1238 1726 εἰσιν
1262 1688 1299 1725 ἀ-

253 1741 358 1790 γνοεῖ,
380 1743 417 1779 οὐ
437 1740 575 1788 ποιήσει
592 1742 735 1793 υγίειαν·
758 1745 837 1782 ἀλλ’
858 1744 997 1794 ὃεῖδώς,
1012 1744 1064 1784 ὅτι
1085 1744 1129 1784 τὰ
1147 1746 1297 1799 ὀρνίθεια

253 1803 364 1854 κοῦφοι
397 1816 456 1839 και
478 1799 611 1851 ὑγιεινά
628 1830 638 1850 ,
676 1802 814 1848 ποιήσει
844 1805 993 1853 μᾶλλον.
1018 1803 1123 1844 Ἐπεὶ
1146 1805 1258 1844 τοίνυν
1275 1808 1297 1853 ἡ

252 1858 415 1912 φρόνησις
435 1859 639 1911 πρακτική,
673 1862 733 1899 καὶ
755 1861 861 1914 ἄμφω
890 1864 982 1933 ἔχὲειν
1013 1863 1171 1916 ἀνάγκη,
1206 1863 1229 1911 ἢ
1250 1864 1294 1904 τὰ

253 1920 329 1956 καθ’
350 1919 483 1957 ἕκαστα
506 1921 655 1970 μᾶλλον·
678 1919 766 1971 μετὰ
793 1921 859 1973 γὰρ
881 1938 940 1960 του
950 1924 1115 1983 ηκαθόλου
1135 1923 1237 1974 μόνον
1258 1925 1295 1962 οὐ

253 1976 395 2015 δύναται
418 1971 507 2016 εἶναι
535 1978 728 2030 πρακτική.
781 1980 828 2019 'li
849 1979 911 2030 μὲν
931 1973 990 2019 οὐν
1025 1990 1118 2020 εστιν
1141 1985 1164 2030 ἡ
1193 1982 1296 2036 σοφία

251 2051 311 2075 και
330 2038 396 2075 τίνι
418 2037 569 2090 διαφέρει
590 2037 808 2090 φρονήσεως,
834 2039 984 2091 εἴρηται.

294 2095 471 2148 (Scripsi
490 2111 498 2134 :
521 2105 534 2123 ³
554 2097 618 2136 κᾶν
633 2112 671 2135 τε
691 2097 754 2145 τὴν
778 2098 925 2150 μερικὴν
947 2100 1028 2152 εἴπῃ
1044 2115 1095 2143 τις
1114 2128 1123 2147 ,
1155 2099 1219 2138 κᾶν
1242 2101 1295 2152 τε]

251 2154 337 2193 cod.
358 2153 464 2207 κᾷντε
485 2154 549 2202 τὴν
572 2154 716 2207 μερικὴν
747 2155 837 2195 εἴποι
872 2173 934 2205 τις,
967 2158 1085 2211 κᾷντε.
1117 2182 1171 2187 -
1186 2158 1201 2182 b
1217 2161 1296 2198 καθ’

249 2211 343 2266 ὅσον]
363 2214 449 2251 cod.
473 2214 633 2253 καθόσον.
653 2221 725 2244 —c
750 2214 963 2267 ἀπόδεικτα]
980 2217 1066 2256 cod.
1085 2216 1292 2257 ἀποδεικτὰ.

249 2296 302 2303 -—
315 2271 330 2294 ‘³
351 2272 587 2320 ἀποδείκτων]
606 2273 693 2312 cod.
715 2275 941 2313 ἀποδεικτῶν.
970 2297 1020 2305 -
1038 2282 1051 2298 ‘³
1074 2278 1171 2328 ζῷα]
1203 2277 1289 2316 cod.

250 2333 322 2376 ζῶα
337 2333 348 2384 ]
365 2336 438 2362 —f
452 2331 566 2385 ζῴων]
587 2333 674 2372 cod.
698 2330 811 2378 ζώων.
830 2355 884 2364 -
902 2341 918 2362 ἔ
936 2336 1084 2388 περιττά
1097 2337 1188 2388 τινα]
1204 2337 1291 2375 cod.

250 2392 394 2443 περίττα
414 2391 506 2430 τινά.
536 2394 617 2421 -h
645 2392 838 2444 δαιμόνια]
866 2394 985 2444 vulgo
1015 2395 1190 2446 δαιμονία.
1218 2397 1291 2447 -)

685 2489 776 2556 Κεφ.
811 2503 854 2542 θ’.

622 2611 701 2651 Περὶ
723 2611 919 2653 φρονήσεως.

304 2715 363 2739 ***
392 2717 479 2767 Περὶ
498 2715 533 2754 δὲ
549 2716 746 2768 φρονήσεως
762 2717 811 2755 ἔτι
826 2717 1000 2769 λέγωμεν.
1016 2718 1122 2758 ’Ἐστι
1138 2718 1250 2758 τοίνυν
1266 2721 1287 2766 ἡ

250 2775 411 2827 φρόνησις
430 2775 490 2813 καὶ
511 2777 580 2814 τῶν
598 2776 745 2815 καθόλου
767 2777 825 2815 καὶ
849 2781 928 2816 καθ’
955 2778 1110 2828 ἕκαστα,
1131 2778 1289 2832 καθάπερ

251 2834 529 2887 ἅρχιτεκτονική·
547 2838 564 2874 ὁ
593 2835 658 2887 γὰρ
689 2835 731 2874 τὰ
753 2836 901 2875 καθόλου
924 2836 1022 2880 εἰδὼς
1039 2837 1124 2889 πρὸς
1146 2837 1205 2877 τὸν
1226 2837 1292 2887 ἔμ-

250 2910 365 2947 πειρον
386 2894 505 2945 ὥσπερ
526 2894 770 2946 ἀρχιτέκτονος
789 2896 860 2947 ἔχει
881 2894 997 2947 λόγον.

301 2955 375 3000 Τῆς
393 2951 428 2990 δὲ
447 2951 641 3004 φρονήσεως
662 2954 780 2997 ἁπλῶς
809 2957 830 3000 ἡ
853 2953 914 3004 μέν
942 2956 1034 2993 ἐστιν
1064 2953 1194 3002 ἠθική,
1210 2953 1293 2993 ὅταν

248 3028 299 3056 τις
319 3015 406 3063 ζητῇ
428 3014 530 3062 μόνον
551 3010 589 3050 τὸ
607 3014 718 3065 ἑαυτῷ
738 3011 882 3063 ἀγαθόν,
900 3014 975 3061 ἥτις
989 3014 1154 3066 φρόνησις
1174 3013 1292 3052 καλεῖ-

248 3083 321 3111 ται·
343 3075 365 3119 ἡ
386 3070 444 3119 δέ,
477 3070 554 3118 ἥτις
585 3072 624 3110 τὸ
653 3071 783 3114 πόλεως
813 3072 939 3122 ἀγαθὸν
970 3072 1044 3125 ἔχει
1067 3072 1183 3120 τέλος,
1217 3071 1294 3120 ἥτις

248 3132 407 3170 καλεῖται
422 3129 600 3177 πολιτική.
626 3131 696 3169 Καὶ
718 3131 790 3168 ἔστι
809 3131 870 3179 μὲν
893 3134 912 3177 ἡ
934 3132 1020 3177 αὐτὴ
1039 3135 1080 3182 τῇ
1102 3132 1287 3185 φρονήσει,

247 3193 298 3244 τῷ
315 3190 407 3243 λόγῳ
423 3190 459 3229 δὲ
488 3189 653 3242 διαφέρει·
673 3189 751 3228 καθ’
778 3190 857 3228 ὅσον
880 3189 962 3240 περὶ
990 3191 1203 3240 ὑποκείμενά
1224 3193 1291 3230 εἶσι

250 3249 410 3302 διάφορα.

1099 181 1382 223 ANnuoNJcI
1409 161 1587 223 unonu

1371 279 1516 310 mentem
1541 286 1579 310 ac
1610 276 1781 311 scientiam
1814 278 1847 311 in
1874 279 1974 314 rebus
2003 283 2122 315 natura
2152 282 2412 331 praeclarissimis
2430 267 2441 272 ⁶

1371 321 1582 360 occupatam,
1614 328 1690 361 quae
1726 320 1918 354 necessariae
1951 325 2028 355 sunt
2060 331 2254 366 semperque
2294 323 2410 360 eodem

1371 361 1467 392 modo
1486 369 1520 392 se
1536 360 1669 394 habent.

1391 401 1572 439 -Quocirca
1599 404 1842 444 Anaxagmam,
1872 403 2041 438 Thaletem
2075 394 2222 452 aliosque
2249 395 2435 451 ‹÷Ju·.=.mt'›di¹

1371 457 1458 489 viros
1476 458 1638 499 sapientes
1661 458 1797 500 quidem
1823 461 1961 499 vocant,
1983 461 2162 503 prudentes
2187 472 2266 497 vero
2291 471 2412 506 nequ&

1369 522 1496 555 quam:
1518 513 1597 555 quia
1613 523 1718 556 quum
1746 523 1798 546 res
1821 514 1901 556 ipsis
1934 514 2089 549 utiles-et
2113 516 2156 550 ad
2170 518 2249 552 vitae
2264 526 2410 552 comno-

1369 566 1507 600 ditatem
1525 568 1742 602 conducentes
1766 569 1952 611 ignorarent
1967 596 1974 608 ,
2000 571 2117 604 eximia
2135 566 2337 615 quaedamet
2354 572 2411 608 ad·

1370 619 1518 653 miranda
1538 623 1571 654 et
1587 621 1734 655 difficilia
1750 624 1783 655 et
1803 622 1916 655 divina
1945 623 2181 666 intelligebant.
2205 626 2244 659 In
2259 625 2427 672 mamm·

1368 677 1520 708 versatur
1540 676 1698 718 sapientia
1727 690 1736 710 ι
1763 677 1797 710 in
1820 677 1920 711 rebus
1943 677 2096 711 humanis
2114 681 2224 712 autem
2245 676 2432 723 usquamst

1368 727 1488 767 quibus
1507 729 1686 762 consultari
1706 731 1815 772 potest
1844 729 2030 772 prudentia.
2050 730 2228 765 Prudentis
2246 731 2334 766 mun
2347 729 2431 769 be«

1367 780 1509 814 maxime
1539 782 1709 825 proprium
1740 792 1862 816 munus
1893 792 1964 816 esse
1983 783 2143 823 dicimus,
2168 784 2250 818 bene
2276 782 2433 821 &ml-t

1368 835 1465 867 tare:
1485 835 1553 868 de
1544 835 1586 868 iis
1617 845 1695 869 vero
1714 837 1878 869 consultat
1907 846 2022 876 nemo,
2050 846 2126 880 quae
2144 839 2204 874 aut
2228 837 2412 878 necessariis

1367 890 1459 927 sunt,
1482 892 1541 922 aut
1560 890 1656 923 aliter
1685 899 1720 923 se
1739 890 1861 923 habere
1889 900 1956 922 non
1981 892 2119 933 possunt
2149 901 2157 923 z
2178 899 2286 934 neque
2305 890 2348 939 ds
2369 891 2413 926 iis

1366 950 1508 982 quorum
1525 952 1590 975 non
1605 944 1656 975 est
1683 943 1757 975 finis
1773 943 1893 975 bonum
1922 942 2012 985 quod
2038 943 2071 976 in
2098 943 2258 976 actionem
2285 941 2409 978 cadat:

1366 994 1438 1027 finis
1451 997 1562 1028 autem
1586 996 1753 1038 sapientiae
1774 996 1971 1029 universalis
1988 998 2038 1029 est
2055 995 2198 1036 veritas,
2218 998 2319 1040 atque
2339 997 2411 1033 hoec

1365 1047 1500 1090 quidem
1518 1049 1690 1081 materiam
1710 1048 1806 1082 habet
1822 1048 1857 1081 id
1886 1049 2003 1091 quod·
1993 1059 2027 1082 ιιι
2046 1048 2238 1083 universum
2255 1048 2333 1117 seiri
2340 1058 2412 1096 jio-

1366 1101 1431 1132 test
1447 1101 1480 1132 et
1499 1100 1605 1132 omnis
1625 1100 1770 1133 scientiae
1778 1100 1954 1143 principia.

1406 1159 1448 1191 At
1467 1168 1545 1191 vero
1568 1158 1743 1200 prudentia
1765 1158 1865 1191 etiam
1888 1159 1921 1191 in
1940 1158 2038 1192 rebus
2056 1154 2313 1202 particularibus
2332 1164 2411 1194 uer·-
2465 1203 2469 1206 .

1364 1217 1481 1250 nitur:
1507 1218 1599 1250 novit
1625 1217 1712 1250 enim
1731 1217 1783 1250 vii
1805 1217 1949 1260 prudens
1966 1217 2134 1257 universe,
2161 1226 2238 1262 quoe
2254 1217 2322 1252 sint
2344 1217 2412 1270 lio-

1364 1276 1461 1309 minis
1489 1276 1593 1317 bona3
1614 1276 1705 1309 novit
1732 1279 1765 1309 et
1785 1276 1969 1309 necessario
1989 1277 2220 1319 particularia,
2245 1285 2326 1322 qum
2343 1262 2411 1312 siut

1364 1336 1453 1368 verbi
1470 1345 1569 1368 causa
1582 1336 1661 1368 huic
1676 1335 1799 1368 homini
1818 1336 1881 1368 hoc
1897 1338 2081 1379 opportuno
2094 1337 2241 1380 tempore
2257 1325 2408 1380 agen&-
2398 1342 2415 1357 ·'

1363 1394 1524 1436 siquidem
1548 1394 1590 1427 ad
1612 1394 1775 1436 agendum
1796 1394 1912 1428 idonea
1929 1397 1979 1428 est
1998 1407 2006 1426 :
2024 1395 2058 1428 in
2075 1395 2175 1429 rebus
2189 1390 2412 1438 singularibus

1363 1455 1474 1486 autem
1493 1454 1599 1486 omnis
1618 1454 1703 1486 actio
1721 1454 1874 1487 vertitur.
1901 1456 2106 1496 Quapropter
2125 1453 2183 1497 qui
2196 1447 2411 1497 partlmlhria

1362 1515 1495 1546 tantum
1526 1514 1708 1551 noverunt,
1739 1512 1882 1554 aptiores
1904 1513 1945 1546 ad
1970 1513 2131 1555 agendum
2156 1515 2234 1547 sunt
2248 1513 2319 1553 215⁸,
2347 1514 2408 1558 'qui

1363 1572 1558 1605 universalia
1585 1571 1713 1613 cognita
1743 1571 1877 1604 habent.
1899 1571 2049 1614 Denique
2075 1572 2108 1604 in
2131 1561 2286 1606 omnibus
2309 1572 2410 1607 nebus

1363 1630 1535 1664 exercitati
1559 1630 1680 1663 melius
1708 1631 1846 1672 possunt
1874 1639 1983 1673 agere,
2005 1639 2105 1673 quam
2125 1631 2186 1674 qui
2210 1631 2408 1666 universalia

1361 1690 1550 1732 intelligunt
1568 1702 1576 1722 :
1594 1699 1671 1722 nam
1696 1689 1723 1722 si
1743 1689 1819 1732 quis
1838 1689 1920 1722 sciat
1941 1698 2055 1723 carnes
2075 1689 2165 1724 leves
2180 1698 2251 1724 esse
2265 1689 2314 1724 ad.
2327 1694 2408 1724 eon-

1360 1750 1569 1793 coquendum
1596 1749 1710 1783 faciles
1736 1752 1769 1783 et
1794 1750 1960 1788 salubres.
1991 1749 2079 1783 leves
2106 1751 2219 1784 autem
2242 1758 2318 1794 quae
2341 1751 2407 1785 sint

1359 1809 1502 1851 ignoret,
1532 1809 1706 1842 sanitatem
1733 1808 1856 1841 nemini
1881 1808 2055 1853 restituet,
2076 1808 2134 1843 sed
2159 1809 2320 1852 ispouus
2339 1809 2408 1844 'hoc

1360 1868 1481 1907 faciet,
1514 1868 1574 1910 qui
1604 1867 1718 1901 avium
1746 1876 1860 1900 carnes
1886 1867 1949 1900 scit
1973 1876 2044 1901 esse
2073 1866 2163 1901 leves
2192 1870 2226 1901 et
2247 1867 2405 1903 salubres.

1360 1930 1471 1966 Quum
1501 1927 1602 1969 igitur
1623 1926 1657 1959 in
1685 1927 1810 1969 agendo
1839 1927 1949 1969 posita
1975 1927 2020 1963 sit
2050 1927 2243 1969 prudentia,
2265 1929 2408 1971 utraque

1360 1986 1459 2020 etiam
1480 1986 1529 2018 illi
1544 1986 1651 2018 inesse
1668 1994 1800 2019 necesse
1815 1987 1885 2024 est,
1904 1988 1962 2019 aut
1984 1985 2160 2029 singularia
2174 1985 2286 2029 potius
2301 1996 2310 2020 ι
2326 1985 2407 2029 quia

1359 2045 1600 2079 universalibus
1621 2046 1752 2077 tantum
1771 2045 1932 2078 instructa
1951 2045 1995 2079 ad
2014 2045 2176 2088 agendum
2200 2044 2318 2079 idonea
2334 2037 2406 2079 esse
2422 2083 2428 2085 „

1358 2113 1420 2136 non
1442 2104 1561 2146 potest.
1585 2102 1673 2141 Quid
1695 2112 1771 2144 ergo
1787 2103 1830 2135 sit
1848 2103 2006 2146 sapientia
2023 2105 2057 2137 et
2073 2102 2156 2147 quid
2170 2111 2247 2136 cum
2261 2099 2417 2146 prudt‘al'·¹

1358 2163 1404 2196 tia
1422 2161 1576 2202 differat,
1596 2162 1665 2204 jam
1687 2161 1843 2194 diximus.
2399 2175 2401 2177 ·

1801 2505 1879 2546 Gap.
1906 2505 1960 2536 lx.

1765 2617 1810 2646 De
1827 2615 1995 2652 prudentia.

1399 2717 1448 2749 De
1477 2714 1654 2758 prudentia
1676 2716 1789 2747 autem
1817 2714 1958 2756 amplius
1985 2713 2145 2748 dicamus.
2180 2716 2240 2748 Est
2267 2724 2345 2758 ergo
2368 2717 2403 2749 et

1364 2775 1601 2809 universalium
1620 2776 1652 2807 et
1675 2773 1891 2815 singularium
1908 2772 2099 2815 prudentia,
2123 2765 2402 2816 quemadmodum

1357 2833 1610 2867 architectonice
1633 2833 1733 2879 :oqui
1751 2833 1838 2866 enim
1871 2832 1965 2865 novit
1990 2831 2208 2873 universalia,
2229 2831 2401 2867 architecti

1356 2894 1460 2926 instar
1477 2893 1519 2925 ad
1535 2892 1703 2925 hominem
1723 2902 1787 2925 usu
1803 2891 1980 2939 praeditum
1997 2900 2033 2924 se
2047 2891 2159 2924 habet.

1398 2953 1540 2986 Omnino
1570 2954 1682 2985 autem
1712 2951 1897 2994 prudentiae
1928 2950 2032 2984 altera
2065 2959 2142 2992 pars
2175 2951 2225 2983 est
2245 2950 2416 2992 moralis,-

1354 3014 1460 3047 quum
1487 3003 1563 3046 quis
1595 3002 1630 3035 id
1656 3004 1786 3034 tantum
1805 3001 1943 3044 quaerit,
1974 3000 2065 3043 quod
2089 3000 2151 3034 sibi
2180 3000 2303 3034 honum
2327 3007 2400 3034 esse
2452 2985 2492 3053 2:¹⁵

1356 3053 1492 3091 statuit,
1516 3061 1593 3094 quae
1623 3051 1814 3093 simpliciter
1835 3049 2010 3092 prmlentia
2039 3050 2252 3092 appellatur:
2272 3049 2396 3088 altera.

1354 3113 1430 3146 quae
1464 3103 1562 3135 finem
1591 3101 1754 3134 duntaxat
1785 3101 1929 3133 civitatis
1959 3100 2083 3132 bonum
2125 3100 2188 3133 sibi
2224 3099 2395 3143 proponit,

1354 3162 1499 3196 quaeque
1518 3152 1641 3185 idcirco
1668 3151 1802 3184 scientia
1826 3150 1932 3183 civilis
1951 3150 2084 3183 dicitur.
2114 3151 2222 3193 Atque
2249 3152 2300 3184 est
2319 3149 2398 3193 qui·

1354 3203 1430 3236 dem
1454 3202 1569 3235 eadem
1587 3210 1663 3233 cum
1680 3199 1855 3242 prudentia
1867 3225 1875 3238 ‚
1892 3199 1951 3232 sed
1966 3199 2154 3232 definitione
2176 3199 2263 3233 inter
2283 3207 2318 3233 se
2329 3196 2397 3233 dif-

1354 3253 1465 3286 ferunt
1482 3263 1490 3285 :
1511 3253 1675 3294 quatenus
1691 3251 1724 3283 in
1741 3250 1874 3282 diversa
1890 3249 2029 3282 materia
2043 3249 2230 3283 versantur.

290 3400 308 3418 '⁶
327 3400 383 3432 Διὸ
405 3398 614 3440 Ἀναξαγόραν
630 3398 685 3431 καὶ
708 3398 816 3434 Θαλῆν
840 3397 910 3428 κτλ·
929 3412 970 3420 ·-·
984 3396 1018 3412 **
1036 3395 1114 3428 Οὐδ’
1130 3396 1219 3428 ἐστὶν
1240 3398 1260 3434 ἡ
1278 3396 1429 3435 φρόνησις
1445 3396 1509 3427 τῶν
1529 3392 1665 3427 καθόλου
1683 3392 1782 3434 μόνον
1799 3392 1868 3424 κτλ.
1886 3409 1918 3414 -
1948 3390 2008 3410 *4*
2029 3390 2108 3432 Gap.
2127 3393 2158 3423 8.
2179 3388 2273 3423 Ἔστι
2287 3380 2326 3422 δὲ’
2338 3387 2395 3422 καὶ
2433 3402 2458 3423 -τ
2474 3384 2480 3396 “

248 3449 268 3487 ἡ
283 3447 429 3485 πολιτικὴ
451 3446 520 3478 κτλ.

2500 411 2508 472 ἒ
