2508 3776
265 211 267 214 Α
285 157 367 195 546

285 243 428 291 κίνησις,
444 242 522 281 οὔτε
539 240 670 294 γένεσίς
689 243 780 280 ἐστιν
801 243 824 286 ἧ
846 238 968 287 ἡδονή.
992 237 1079 279 ’Ότι
1101 239 1164 291 μὲν
1181 237 1240 280 οὖν
1257 242 1319 279 οὐκ

285 302 357 340 ἔστι
377 302 533 348 κίνησις,
557 301 659 346 δῆλον
682 299 823 337 ἐκεῖθεν.

338 359 354 375 *
379 360 484 411 Πάσῃ
507 357 569 409 μὲν
602 357 668 408 γὰρ
690 355 825 403 κινήσει
846 356 941 394 δοκεῖ
968 357 1093 395 οἰκεῖον
1111 350 1199 397 εἶναι
1220 357 1325 410 τάχος

283 434 341 455 και
369 416 565 469 βραδυτήςΒ
571 430 580 439 ·
605 415 665 454 καὶ
688 416 717 454 εἰ
739 414 788 465 μὴ
811 415 899 462 αὐτή
917 430 968 458 τις
989 416 1074 467 πρὸς
1093 417 1221 463 ἑαυτὴν
1243 419 1324 468 βρα-

284 477 356 514 δεῖα
376 474 539 527 ἢταχεῒα
555 474 717 527 φαίνεται
738 490 789 527 τῳ
779 474 932 534 τάχιον
953 476 1086 513 ἑαυτῶν
1105 475 1164 514 καὶ
1182 475 1324 528 βράδιον

283 537 449 572 κινεῖσθαι
470 534 513 572 τὰ
534 533 745 583 κινούμενα,
765 526 852 571 οἵά’
837 548 910 571 εστι
932 532 976 571 τὰ
998 532 1194 584 ἀνωμάλως
1210 534 1322 572 κινού-

284 607 390 642 μενα,
409 592 500 632 ἀλλὰ
518 592 603 645 πρὸς
618 593 704 631 ἄλλο
717 595 798 643 γοῦν
812 591 1033 642 θεωρούμενα
1053 591 1187 645 ταχέως
1201 592 1223 640 ἢ
1242 596 1327 646 βρα-

283 651 366 696 δέως
387 655 555 690 κινεῖσθαι
572 650 733 702 λέγονται
749 667 757 675 ·
781 651 940 703 καθάπερ
958 654 980 699 ἡ
1003 655 1062 690 τοῦ
1084 653 1234 704 οὐρανοῦ
1251 652 1325 691 κίν-

282 725 359 758 ησις
379 710 496 761 ὁμαλὴ
532 710 594 761 μέν
622 711 694 748 ἔστι
726 711 804 748 καθ’
825 709 973 758 ἑαυτήν,
1003 709 1089 763 πρὸς
1114 710 1150 750 δὲ
1179 710 1323 758 τὴντῶν

284 768 441 822 ἀστέρων
464 768 687 822 θεωρουμένη
710 768 868 818 κίνησιν,
890 774 1018 822 ταχεῖα
1039 770 1192 819 λέγεται.
1217 769 1324 822 Πάσῃ

284 827 347 878 μὲν
368 823 426 866 οὖν
458 827 592 874 κινήσει
615 827 654 866 τὸ
686 827 816 880 τάχος,
849 827 909 866 καὶ
928 831 951 875 ἡ
988 828 1178 881 βραδυτὴς(
1201 828 1325 867 οἰκεῖόν

283 887 376 924 ἐστι·
395 889 437 937 τῇ
455 886 490 924 δὲ
512 887 617 936 ἡδονῇ
643 887 681 925 οὗ
702 886 890 938 προσήκει·
909 889 930 933 ἡ
947 886 1056 934 ἡδονὴ
1079 886 1149 938 ἄρα
1173 888 1236 925 οὒκ
1252 886 1326 926 ἔστι

283 946 431 992 κίνησις.
455 943 541 985 εὈτι
563 945 599 983 δὲ
615 946 676 984 οὐκ
695 945 787 983 ἔστιν
809 946 845 984 ἐν
865 949 908 999 τῇ
935 947 1041 999 ἡδονῇ
1062 949 1188 994 ταῦτα,
1209 947 1326 993 δῆλον.

283 1004 457 1052 Ἧσθῆναι
491 1003 553 1055 μὲν
576 1003 643 1055 γὰρ
673 1004 813 1056 λέγεταί
834 1020 885 1049 τις
907 1005 1067 1058 ταχέως,
1089 1004 1209 1054 ὥσπερ
1226 1006 1323 1057 ὀργι-

284 1066 432 1111 σθῆναι,
461 1063 518 1102 διὰ
538 1063 579 1102 τὸ
599 1064 633 1101 ἐν
656 1063 763 1117 ὀλίγῳ
791 1063 904 1116 χρόνῳ
921 1064 1006 1116 πρὸς
1025 1065 1064 1103 τὸ
1091 1065 1236 1112 ἥδεσθαι
1257 1063 1327 1103 ἀπὸ

283 1125 344 1160 τοῦ
362 1121 411 1173 μὴ
429 1121 573 1169 ἥδεσθαι
587 1125 770 1169 κινηθῆναι
784 1134 792 1143 ·
815 1122 961 1170 ἥδεσθαι
980 1122 1015 1160 δὲ
1037 1120 1207 1175 ταχέως-ἢ
1234 1126 1324 1174 βρα-

285 1182 385 1230 δέως,
405 1181 520 1221 οὐκέτι
535 1191 568 1215 Β·
585 1181 663 1220 οὔτε
675 1181 760 1235 πρὸς
778 1181 900 1221 ἑαυτόν
912 1212 923 1233 ‚
945 1182 1104 1234 καθάπερ
1123 1183 1166 1221 τὰ
1185 1181 1327 1231 ἀνωμά-

282 1243 351 1285 λως
371 1241 576 1291 κινούμενα,
598 1240 677 1279 οὔτε
698 1241 786 1293 πρὸς
807 1241 913 1288 ἄλλο,
936 1241 1095 1293 καθάπερ
1120 1241 1165 1280 τὰ
1190 1239 1323 1290 ὁμαλά.

284 1299 335 1342 To
357 1299 391 1337 δὲ
420 1299 583 1373 βαδίζειν
616 1314 677 1337 και
697 1299 878 1346 αὔξεσθαι,
912 1314 972 1337 και
1004 1300 1246 1346 ἀλλοιοῦσθαι,
1268 1298 1326 1335 καὶ

282 1357 399 1396 πάντα
416 1357 481 1396 ὅσα
496 1357 664 1404 κινησεύς
687 1359 762 1396 ἐστι
775 1388 786 1408 ,
811 1358 901 1418 μετὰ
920 1360 981 1404 τ’ἤς
999 1358 1216 1410 ταχυτητος“
1236 1360 1326 1395 θεω-

284 1420 421 1468 ροῧνται
445 1418 503 1456 καὶ
521 1420 581 1464 τῆς
598 1417 864 1490 βραδύτητοῌ·
886 1416 1123 1467 μεταὸάλλειν
1158 1415 1220 1467 μὲν
1258 1416 1326 1469 γὰρ

281 1474 421 1526 λέγεταί
439 1490 488 1519 τις
504 1478 551 1519 εἷς
571 1474 634 1522 τὴν
655 1474 782 1522 ἡδονὴν
818 1475 952 1526 ταχέως
975 1474 995 1521 ἢ
1030 1475 1209 1527 βραδεως,
1233 1490 1325 1526 ενερ-

281 1536 354 1585 γεῖν
372 1533 407 1572 δὲ
394 1549 484 1572 εκατ
486 1533 621 1580 ἀὐτὴν
641 1533 771 1585 ταχέως
793 1532 814 1580 ἢ
836 1533 988 1586 βραδέως
1004 1535 1066 1573 οὐκ
1086 1533 1192 1572 ἔστιν.
1214 1531 1326 1586 ‘'0qu

282 1592 350 1644 γάρ
371 1593 444 1631 ἐστι
467 1592 636 1638 κινήσεως
656 1594 678 1638 ἡ
706 1591 833 1639 ἡδονή,
859 1591 920 1630 καὶ
941 1592 1071 1643 ἠρεμία
1100 1608 1172 1642 τις,
1208 1591 1267 1629 καὶ
1287 1592 1325 1630 οὗ

275 1651 392 1698 δήπου
423 1652 508 1698 αὐτὴ
533 1650 677 1688 δύναται
705 1650 838 1698 κίνησις
865 1654 968 1691 εἰναι.
988 1649 1074 1690 ‘'Ort
1102 1650 1165 1702 μὲν
1186 1644 1246 1689 οἶν
1264 1651 1326 1689 οὐκ

274 1709 355 1748 ἔστι
375 1709 509 1756 κίνησις
528 1712 550 1756 ἡ
566 1709 675 1757 ἡδονὴ
694 1710 812 1784 δῆλον.

334 1769 369 1786 **
388 1766 473 1808 Ἔτι
488 1768 523 1807 δὲ
538 1769 614 1807 οὐδὲ
623 1769 754 1820 γένεσίς
767 1770 881 1808 ἐστιν·
895 1785 925 1807 ει
913 1768 1034 1830 ’γὰρ“
1017 1786 1039 1816 η
1054 1768 1159 1818 ἡδονὴ
1175 1768 1322 1820 γένεσις,

278 1830 300 1874 ἡ
320 1826 457 1874 λύπη
441 1844 482 1865 αν
502 1827 554 1875 εἴη
577 1827 706 1880 φθορά,
729 1827 831 1866 nal*
813 1843 912 1866 εσται
933 1832 981 1866 ὡν
1000 1831 1022 1875 ἡ
1047 1827 1151 1875 ἡδονὴ
1173 1828 1324 1880 γένεσις,

278 1885 408 1923 τούτων
426 1888 446 1930 ἠ
468 1884 562 1932 λύπη
579 1885 768 1938 φθορά·οὐ
789 1884 856 1937 γὰρ
875 1889 934 1923 τοῦ
957 1885 1122 1937 τυχόντος
1144 1885 1326 1939 φθειρομέ-

278 1960 336 1982 νου
360 1943 399 1981 τὸ
418 1942 523 1995 τυχὸν
545 1942 695 1994 γίνεται,
725 1943 801 1982 ἀλλ’
822 1943 855 1988 ἐξ
878 1947 915 1982 οὗ
937 1943 1068 1994 γίνεταί
1087 1959 1139 1991 τι,
1156 1946 1202 1988 εἷς
1221 1947 1324 1982 τοῦτο

278 2001 337 2041 καὶ
352 2000 554 2040 διαλύεσθαι
567 2000 734 2053 πέφυκεν.

331 2060 384 2078 ***
405 2060 547 2100 Ἐπεὶδὲ
562 2060 701 2111 λέγουσι
713 2059 776 2107 τὴν
785 2060 899 2108 λύπην
915 2060 1045 2099 ἔνδειαν
1062 2054 1149 2100 εἶναι
1164 2066 1221 2101 τοῦ
1234 2060 1324 2100 κατὰ

278 2119 399 2174 φύσιν,
420 2120 472 2166 εἴη
498 2119 540 2158 ἂν
562 2123 584 2167 ἡ
601 2120 707 2167 ἡδονὴ
730 2123 788 2158 τοῦ
815 2121 908 2158 κατὰ
929 2120 1031 2172 φύσιν
1055 2121 1324 2174 ἀναπλήρωσις·

275 2184 387 2218 ταῦτα
408 2179 443 2217 δὲ
465 2179 650 2229 σωματικά
666 2181 735 2217 ἔστι
753 2178 796 2217 τὰ
810 2179 907 2226 πάθη
923 2209 930 2217 .
951 2180 994 2218 Εἰ
1009 2179 1051 2226 δή
1070 2181 1163 2218 ἔστιν
1179 2183 1201 2227 ἡ
1217 2180 1322 2228 ἡδονὴ

275 2242 335 2278 τοῦ
355 2237 447 2277 κατὰ
478 2238 579 2292 φύσιν
600 2238 868 2290 ἀναπλήρωσις,
896 2239 931 2276 ἐν
951 2233 980 2291 ᾧ
1014 2241 1036 2285 ἡ
1059 2239 1321 2292 ἀναπλήρωσις,

277 2301 380 2336 τοῦτο
404 2297 445 2335 ἂν
466 2297 526 2335 καὶ
547 2297 622 2349 ἔχοι
644 2296 707 2344 τὴν
727 2297 875 2345 ἡδονήν,
900 2297 960 2335 καὶ
980 2297 1126 2344 ήδεσθαι
1151 2297 1319 2347 δύναται,

275 2357 315 2395 τὸ
336 2358 439 2406 σῶμα
473 2355 540 2409 ἄρα
564 2356 708 2407 ἥδεται,
731 2372 790 2394 και
819 2359 853 2395 ἐν
887 2355 1036 2411 τούτῳὴ
1060 2357 1182 2405 ἡδονή.
1207 2359 1324 2396 Τουτο

278 2415 313 2453 δὲ
329 2417 392 2453 οὐκ
418 2414 512 2453 ἔστιν
534 2415 679 2463 ἀληθές·
706 2414 746 2452 τὸ
766 2413 832 2466 γὰρ
853 2414 998 2461 ἥδεσθαι
1020 2431 1081 2460 της
1103 2418 1217 2468 ψυχης
1235 2417 1322 2452 εἶναι

277 2474 382 2522 δοκεῖ,
402 2473 522 2511 Οὐκ
501 2489 567 2525 αρα
589 2477 610 2521 ἢ
632 2473 739 2520 ἡδονὴ
762 2472 893 2523 γένεσίς
926 2489 976 2517 τις
993 2473 1054 2512 καὶ
1077 2475 1324 2527 ἀναπλήρωσίς

278 2534 368 2570 ε’στιν
383 2561 394 2579 ,
414 2531 505 2570 ἀλλὰ
528 2531 651 2570 ἕπεται
671 2533 715 2583 τῇ
738 2531 1009 2583 ἀναπληρώσει,
1030 2532 1188 2584 καθάπερ
1206 2532 1266 2571 καὶ
1280 2535 1322 2583 τῇ

278 2590 390 2642 ἐνδείᾳ
424 2593 446 2637 ἡ
482 2590 576 2638 λύπη
589 2606 597 2614 ·
634 2590 817 2642 γινομένης
853 2591 917 2641 μὲν
941 2589 1008 2643 γὰρ
1041 2589 1323 2643 ἀναπληρώσεως

276 2648 453 2698 ἡδόμεθα,
473 2649 679 2699 τεμνόμενοι
695 2650 731 2687 δὲ
753 2649 970 2698 λυπούμεθα.

330 2706 399 2723 ****
416 2710 522 2746 Δοκεῖ
538 2708 572 2746 δὲ
586 2708 746 2759 γενέσθαι
763 2708 851 2757 αὕτη
866 2712 887 2756 ἡ
903 2709 983 2753 δόξα
995 2709 1065 2747 ἀπὸ
1078 2710 1148 2747 τῶν
1162 2724 1319 2761 σωματι-

277 2769 363 2814 κῶν,
387 2765 446 2804 καὶ
463 2769 531 2806 τῶν
546 2766 626 2819 περὶ
640 2766 703 2814 τὴν
721 2768 850 2820 τροφὴν
874 2769 992 2806 λυπῶν
1013 2767 1072 2806 καὶ
1092 2769 1224 2816 ἡδονῶν
1242 2769 1321 2807 ’ἐν-

279 2825 363 2867 δεεῖς
372 2823 439 2877 γὰρ
454 2825 630 2875 γεγονότες
644 2825 702 2863 καὶ
714 2826 991 2878 προλυπηθέντες
1004 2826 1163 2877 ἡδόμεθα
1180 2829 1223 2879 τῇ
1236 2827 1322 2865 ἀνα·

278 2884 469 2937 πληρώσει.
493 2886 608 2923 Τοῦτο
629 2885 664 2922 δέ
691 2885 728 2922 οὖ
746 2885 826 2937 περὶ
845 2886 961 2931 πάσας
990 2885 1176 2938 συμὸαίνει
1196 2885 1257 2929 τὰς
1276 2888 1321 2932 ἡ-

277 2942 387 2987 δονάς.
404 2941 551 2981 Ἄλυποι
573 2942 640 2995 γὰρ
652 2946 736 2982 εἰσιν
753 2943 792 2982 αἵ
807 2960 843 2983 τε
866 2944 1126 2996 μαθηματικαί,
1148 2944 1209 2983 καὶ
1228 2945 1265 2983 αἱ
1287 2945 1321 2982 ἐν

278 3007 351 3046 ταῖς
367 3002 550 3048 αἰσθήσεσι
567 3016 576 3026 ·
597 3002 655 3040 καὶ
675 3002 742 3054 γάρ
770 3003 829 3041 καὶ
845 3007 880 3042 αἱ
908 3004 1000 3043 κατὰ
1031 3004 1092 3050 τὴν
1115 3003 1223 3051 ἀκοὴν
1239 3004 1321 3050 ἠδο-

277 3060 352 3109 ναί,
379 3061 439 3100 καὶ
464 3060 556 3099 κατὰ
585 3059 648 3107 τὴν
669 3060 861 3114 ὄσφρησιν,
893 3063 1065 3102 καὶκατὰ
1085 3061 1149 3110 τὴν
1180 3061 1319 3115 ὅρασιν,

279 3121 453 3172 μηδεμιᾶς
481 3121 776 3174 προηγησαμένης
815 3121 928 3169 λύπης
969 3123 1149 3175 γίνονται,
1170 3123 1231 3162 καὶ
1258 3124 1321 3162 οὐκ

277 3178 371 3217 ἔστιν
401 3179 546 3230 οὐδεμία
568 3182 682 3219 αὐτῶν
711 3180 844 3224 ἐνδείας
882 3183 1142 3235 ἀναπλήρωσις.
1168 3182 1256 3222 ’Έτι
1285 3182 1320 3221 δὲ

278 3238 337 3277 καὶ
358 3238 494 3283 ἐλπίδες
515 3240 573 3279 καὶ
586 3242 723 3292 μνῆμαι
739 3239 755 3263 ¹
776 3242 844 3278 τῶν
866 3242 1003 3293 ἀγαθῶν
1039 3241 1181 3288 ἥδισταί
1211 3245 1316 3281 εἶσιν·

1146 151 1427 192 ANDRONICI
1455 151 1631 191 RHODII
1675 167 1677 169 ¹

1386 246 1494 277 minor
1515 236 1696 286 propositio
1710 245 1761 277 est
1776 256 1783 275 ε
1798 244 1878 286 quia
1894 253 1999 286 neque
2013 247 2125 279 motus
2142 255 2250 289 neque
2263 245 2451 288 generatio,

1385 306 1435 337 est
1457 304 1626 346 voluptas.
1646 305 1718 336 Non
1739 312 1810 336 esse
1823 305 1935 336 autem
1947 305 2087 343 motum,
2104 306 2158 338 vel
2170 305 2247 338 hinc
2261 306 2408 348 apparet.

1428 362 1543 396 Omnis
1560 362 1646 396 enim
1674 364 1785 395 motus
1809 363 1940 404 propria
1965 357 2099 396 videtur
2120 373 2191 397 esse
2221 364 2373 397 celeritas
2395 365 2431 397 et

1387 424 1529 457 tarditas
1547 434 1554 453 :
1571 426 1604 456 et
1629 423 1657 455 si
1678 433 1743 456 non
1755 423 1825 466 ipse
1843 433 1902 465 per
1921 432 1956 456 se
1975 423 2092 456 tardus
2106 423 2239 458 videtur
2253 426 2312 458 aut
2330 424 2428 464 celer,

1386 483 1559 524 propterea
1571 481 1659 523 quod
1683 480 1822 514 celerius
1841 489 1875 513 se
1896 481 1968 522 ipso
1988 483 2046 513 aut
2067 484 2241 515 moventur
2255 491 2380 524 eaquae
2398 481 2431 514 in

1387 543 1480 573 motu
1508 543 1605 580 sunt,
1629 540 1742 583 qualia
1776 542 1855 573 sunt
1886 548 1962 581 quae
1990 540 2199 582 inaequaliter
2239 542 2428 580 innoventur,

1387 602 1446 635 sed
1483 603 1573 635 certe
1600 602 1739 634 alterius
1778 603 1930 643 respectu
1969 602 2028 633 aut
2062 600 2214 634 celeriter
2245 602 2304 635 aut
2335 600 2432 635 tarde

1387 661 1513 694 moveri
1529 661 1686 694 dicuntur
1713 673 1721 692 ι
1750 660 1836 692 sicut
1855 659 1927 692 coeli
1957 661 2070 692 motus
2092 668 2151 701 per
2165 668 2201 693 se
2218 658 2355 702 quidem
2381 660 2433 693 est

1387 720 1535 762 aequaHs,
1555 730 1631 753 cum
1642 719 1789 752 siderum
1805 727 1884 751 vero
1895 720 1989 750 motu
2008 719 2232 760 comparatus,
2243 717 2333 752 celer
2359 726 2432 753 csse

1387 779 1521 812 dicitur.
1538 779 1653 813 Omnis
1673 778 1775 820 igitur
1787 780 1899 810 motus
1915 777 2066 810 celeritas
2085 779 2118 810 et
2135 776 2278 811 tarditas
2294 775 2431 819 propria

1387 840 1438 872 est
1464 850 1472 870 ε
1503 840 1538 870 at
1567 837 1728 879 voluptati
1759 846 1824 869 non
1855 836 2007 869 convenit
2036 848 2044 868 :
2075 835 2227 878 voluptas
2252 844 2332 878 ergo
2366 843 2432 868 non

1387 899 1438 930 est
1458 899 1579 930 motus.
1604 899 1684 930 Haec
1708 898 1820 929 autem
1842 895 1877 928 in
1901 895 2074 938 voluptate
2090 904 2156 928 non
2181 894 2288 928 inesse
2314 893 2431 937 liquet.

1388 957 1516 999 Quippe
1545 956 1612 989 cito
1638 956 1825 989 delectatus
1846 964 1928 994 esse,
1957 955 2043 988 sicut
2069 953 2296 987 succensuisse
2311 952 2435 996 aliquis

1387 1015 1519 1054 dicitur,
1545 1015 1624 1057 quia
1653 1014 1745 1048 brevi
1772 1016 1919 1056 tempore
1946 1023 1967 1046 a
1993 1013 2166 1056 voluptate
2188 1021 2254 1046 non
2276 1013 2431 1055 percepta

1388 1075 1429 1107 ad
1457 1074 1699 1117 percipiendam
1724 1074 1929 1116 voluptatem
1955 1072 2101 1105 transit:
2122 1073 2158 1104 at
2183 1071 2251 1104 cito
2266 1070 2433 1115 auttarde

1388 1133 1556 1173 delectari,
1588 1142 1653 1165 non
1675 1133 1755 1165 item
1776 1144 1784 1164 ε
1807 1133 1841 1165 et
1865 1131 1929 1164 hoc
1946 1131 2083 1173 quidem
2101 1138 2162 1163 nec
2184 1129 2237 1163 sui
2265 1123 2430 1172 respectu,

1388 1194 1475 1226 sicut
1490 1203 1528 1226 ea
1550 1202 1626 1235 quae
1653 1192 1862 1235 inaequaliter
1880 1193 2068 1230 moventur,
2089 1199 2197 1232 neque
2216 1188 2356 1223 alterius
2379 1198 2435 1223 re-

1388 1254 1514 1295 spectu,
1530 1254 1568 1284 ut
1585 1251 1640 1284 illa
1654 1260 1730 1293 quae
1742 1250 1916 1293 aequaliter
1932 1251 2120 1282 moventur.
2141 1247 2296 1282 Incedere
2314 1249 2428 1283 autem

1389 1313 1423 1344 et
1441 1320 1598 1351 crescere,
1624 1310 1705 1342 item
1734 1309 1869 1349 mutari,
1891 1309 2087 1351 reliquaque
2119 1316 2198 1351 quae
2227 1307 2272 1341 ad
2304 1309 2434 1342 motum

1388 1367 1587 1406 reseruntur,
1612 1377 1688 1400 cum
1705 1367 1873 1400 celeritate
1895 1376 1934 1399 ae
1957 1366 2114 1399 tarditate
2138 1379 2148 1400 ι
2170 1365 2323 1399 celeriter
2340 1365 2433 1414 enim

1388 1427 1509 1469 aliquis
1527 1429 1586 1459 aut
1605 1427 1699 1459 tarde
1718 1426 1760 1459 ad
1780 1426 1986 1468 voluptatem
2006 1425 2137 1458 traduci
2157 1424 2302 1459 dicitur:
2319 1424 2378 1459 sed
2396 1428 2434 1458 ut

1389 1486 1538 1519 celeriter
1562 1485 1744 1527 voluptatis
1769 1494 1906 1518 munere
1930 1487 1989 1517 aut
2024 1484 2120 1518 tarde
2144 1483 2334 1526 fungamur,
2363 1483 2435 1518 lieri

1388 1556 1452 1579 non
1471 1541 1590 1588 potest.
1614 1544 1718 1583 Quasi
1739 1544 1824 1577 enim
1855 1543 2018 1577 terminus
2042 1543 2179 1586 quidam
2207 1541 2361 1576 motionis
2378 1551 2434 1576 vo-

1387 1604 1499 1646 luptas
1527 1605 1578 1636 est
1604 1605 1638 1636 et
1660 1602 1773 1645 quies,
1798 1602 1994 1644 neutiquam
2018 1610 2097 1634 vero
2124 1601 2195 1643 ipsa
2222 1601 2334 1643 potest
2362 1609 2435 1634 esse

1387 1663 1500 1697 motio.
1520 1662 1697 1696 Metionem
1722 1671 1799 1704 ergo
1816 1671 1881 1694 non
1907 1670 1978 1694 esse
2005 1661 2211 1703 voluptatem
2231 1668 2275 1694 ex
2294 1659 2348 1693 his
2374 1669 2435 1703 ap-

1411 1725 1492 1756 aret.
2104 1745 2107 1748 .

1387 1733 1409 1765 p
1427 1777 1592 1808 Praeterea
1612 1783 1653 1807 ne
1673 1775 1767 1807 ortus
1787 1774 1923 1816 quidem
1949 1774 2000 1807 est
2019 1786 2027 1806 :
2049 1768 2078 1806 si
2099 1772 2186 1806 enim
2201 1774 2296 1806 ortus
2314 1772 2358 1806 sit
2370 1781 2433 1805 vo-

1387 1835 1508 1876 luptas,
1533 1833 1688 1866 interitus
1706 1832 1808 1864 fuerit
1824 1831 1927 1871 dolor,
1946 1833 1980 1863 et
1995 1840 2140 1873 quorum
2153 1833 2249 1864 ortus
2265 1829 2430 1872 voluptas,

1387 1902 1499 1925 eorum
1519 1891 1674 1924 interitus
1702 1890 1765 1924 erit
1787 1890 1881 1923 dolor

1386 1951 1523 1984 interitu
1543 1950 1672 1992 quaevis
1697 1949 1816 1990 oritur,
1842 1948 1901 1982 sed
1928 1958 1970 1982 ex
1991 1957 2059 1991 quo
2081 1946 2164 1991 quid
2178 1947 2296 1988 oritur,
2317 1947 2352 1980 in
2370 1947 2433 1980 hoc

1387 2011 1486 2044 etiam
1508 2009 1645 2042 dissolvi
1663 2010 1701 2041 et
1717 2008 1808 2041 abire
1827 2002 1921 2040 solet.

1427 2068 1591 2107 Quoniam
1612 2069 1724 2100 autem
1746 2066 1863 2099 dicunt
1879 2066 2027 2099 dolorem
2045 2066 2117 2108 eJus
2134 2065 2224 2108 quod
2249 2063 2432 2100 secundum

1385 2127 1539 2160 naturam
1557 2128 1617 2165 est,
1644 2125 1817 2168 penuriam
1840 2134 1929 2163 esse,
1959 2123 2061 2158 suerit
2078 2124 2233 2167 voluptas
2253 2124 2327 2166 ejus
2341 2121 2433 2166 quod
2468 2135 2476 2144 ·

1387 2186 1567 2219 secundum
1598 2187 1751 2218 naturam
1780 2184 1830 2217 est
1862 2183 2006 2226 expletio
2030 2196 2038 2216 ι
2061 2184 2096 2216 at
2123 2182 2160 2216 hi
2180 2184 2260 2215 sunt
2287 2180 2433 2215 affectus

1385 2245 1540 2287 corporis.
1565 2243 1690 2283 Quodsi
1714 2243 1785 2285 ejus
1803 2241 1895 2284 quod
1917 2241 2101 2274 secundum
2117 2242 2272 2274 naturam
2284 2241 2348 2278 est,
2369 2247 2432 2272 ex-

1386 2304 1485 2346 pletio
1497 2305 1547 2336 est
1563 2303 1726 2345 voluptas,
1743 2301 1778 2334 id
1795 2301 1912 2343 inquo
1922 2301 1959 2333 fit
1978 2300 2121 2342 expletio
2139 2300 2241 2333 etiam
2261 2299 2432 2342 voluptate

1386 2362 1528 2402 fruatur,
1550 2371 1588 2395 ac
1625 2360 1783 2394 delectari
1816 2361 1918 2402 queat
1949 2371 1956 2391 :
1980 2368 2100 2402 corpus
2130 2367 2207 2400 ergo
2234 2359 2429 2395 delectatur,

1385 2424 1487 2465 atque
1508 2421 1543 2454 in
1570 2421 1632 2453 hoc
1647 2422 1697 2452 est
1717 2419 1881 2461 voluptas.
1908 2420 1979 2451 Hoc
1998 2420 2111 2451 autem
2127 2427 2192 2450 non
2207 2417 2267 2451 ‘est
2282 2426 2399 2450 verum
2421 2429 2428 2448 ι

1386 2480 1543 2514 delectari
1558 2479 1645 2512 enim
1662 2478 1762 2511 animi
1782 2487 1853 2510 esse
1866 2477 2010 2510 videtur.
2034 2478 2106 2509 Non
2125 2477 2177 2509 est
2187 2485 2266 2518 ergo
2277 2475 2433 2518 voluptas

1385 2541 1479 2573 ortus
1496 2538 1616 2581 aliquis
1631 2540 1664 2571 et
1678 2537 1833 2579 expletio,
1853 2535 1912 2569 sed
1925 2535 2145 2578 expletionem
2161 2534 2324 2578 sequitur,
2345 2535 2433 2568 sicut

1384 2598 1478 2632 dolor
1507 2597 1678 2640 penuriam
1702 2609 1710 2629 ε
1734 2605 1812 2629 nam
1843 2604 1951 2638 quum
1966 2594 2005 2627 fit
2029 2593 2183 2636 expletio,
2209 2593 2442 2632 delectamur:

1385 2659 1418 2691 et
1434 2666 1539 2699 quum
1558 2665 1718 2694 secamur,
1742 2654 1903 2688 dolemus.

1425 2715 1566 2749 Videtur
1592 2717 1705 2748 autem
1726 2723 1768 2747 ex
1801 2712 1967 2755 corporeis
1991 2711 2100 2754 iisque
2117 2711 2174 2754 qui
2205 2711 2241 2744 in
2273 2711 2430 2744 alimento

1386 2777 1558 2809 versantur
1576 2774 1747 2808 doloribus
1763 2782 1801 2805 ac
1823 2771 2055 2814 voluptatibus
2070 2772 2149 2804 nata
2165 2779 2237 2804 esse
2259 2770 2332 2804 haec
2356 2770 2430 2812 opi-

1384 2834 1460 2868 nio:
1489 2836 1667 2877 postquam
1690 2833 1778 2866 enim
1798 2840 1893 2872 egere
1914 2829 2073 2872 coepimus
2098 2829 2252 2862 alimento
2274 2830 2307 2862 et
2325 2838 2431 2872 quum

1383 2895 1591 2935 antegressus
1620 2892 1713 2925 dolor
1735 2892 1796 2928 est,
1831 2888 2014 2931 expletione
2034 2887 2249 2930 delectamur.
2271 2884 2338 2920 Sed
2369 2886 2431 2919 hoc

1384 2953 1491 2986 nonin
1508 2952 1660 2985 omnibus
1670 2949 1898 2992 voluptatibus
1910 2947 2030 2980 evenit.
2050 2947 2171 2979 Carent
2181 2946 2303 2989 quippe
2317 2945 2430 2979 dolore

1385 3014 1458 3045 tum
1489 3010 1744 3048 mathematicae,
1767 3010 1841 3041 tum
1860 3015 1937 3049 quae
1954 3006 1990 3038 in
2005 2999 2160 3038 'sensibus
2178 3004 2295 3047 positae
2321 3005 2399 3037 sunt
2419 3015 2427 3036 :

1383 3081 1459 3104 nam
1477 3073 1511 3104 et
1538 3080 1585 3104 eae
1615 3079 1690 3113 quae
1713 3078 1751 3102 ex
1773 3066 1891 3100 auditu
1918 3067 1951 3098 et
1983 3064 2124 3097 odoratu
2153 3065 2188 3096 et
2219 3063 2294 3096 visu
2320 3062 2429 3106 perci-

1383 3130 1519 3171 piuntur
1546 3129 1744 3170 voluptates,
1777 3124 1869 3158 nullo
1893 3122 2006 3155 dolore
2037 3123 2244 3162 antegresso,
2264 3119 2426 3158 oriuntur,

1382 3198 1491 3231 neque
1520 3188 1587 3221 ulla
1616 3188 1650 3220 in
1682 3187 1721 3219 iis
1747 3186 1797 3218 est
1819 3181 1965 3225 penuriae
1993 3179 2148 3222 expletio.
2170 3179 2262 3212 Adde
2281 3178 2371 3222 quod
2394 3180 2430 3212 et

1386 3256 1462 3289 spes
1483 3248 1517 3280 et
1540 3246 1784 3279 recordationes
1800 3243 1963 3275 bonorum
1987 3240 2066 3271 sunt
2075 3235 2326 3280 jucundissimae
2347 3249 2354 3269 :
2371 3237 2429 3270 sed

322 3356 339 3373 *
363 3357 440 3390 Οὐδ’
460 3357 543 3390 εἶναι
559 3357 683 3397 κίνησιν
703 3358 772 3391 κτλ.
796 3373 838 3382 —
855 3357 896 3377 4*
917 3358 1044 3395 Γένεσίς
1065 3370 1096 3391 τι
1115 3359 1183 3396 πῶς
1204 3359 1242 3391 ἆν
1264 3359 1314 3397 εἴη
1331 3359 1397 3392 κτλ.
1422 3376 1464 3383 -
1484 3359 1537 3378 ***
1555 3360 1619 3391 Καὶ
1645 3360 1770 3400 λέγουοι
1790 3358 1825 3391 δὲ
1843 3357 1900 3396 τὴν
1923 3357 2023 3396 λύπην
2040 3358 2108 3389 κτλ.
2131 3373 2173 3380 -
2199 3355 2274 3375 *¹⁸¹*
2296 3353 2337 3388 ‘H
2355 3355 2430 3392 δόξα

280 3405 308 3436 δ’
326 3406 405 3443 αὕτη
423 3406 514 3438 δοκεῖ
530 3407 598 3438 κτλ.

1908 1902 1916 1922 =
1939 1898 2047 1932 neque
2064 1888 2151 1939 enim
2181 1888 2358 1931 quuslibet
2386 1887 2432 1922 rei
2469 1928 2471 1934 y

2505 1471 2508 1483 1

2470 1500 2508 1543 „uf
