<?xml version="1.0" encoding="UTF-8"?>
<!DOCTYPE html PUBLIC "-//W3C//DTD XHTML 1.0 Transitional//EN"
    "http://www.w3.org/TR/xhtml1/DTD/xhtml1-transitional.dtd">
<html xmlns="http://www.w3.org/1999/xhtml" xml:lang="en" lang="en">
 <head>
  <title>
</title>
<meta http-equiv="Content-Type" content="text/html;charset=utf-8" />
  <meta name='ocr-system' content='tesseract 3.04.00' />
  <meta name='ocr-capabilities' content='ocr_page ocr_carea ocr_par ocr_line ocrx_word'/>
</head>
<body>
  <div class='ocr_page' id='page_1' title='image "./fragmentaphiloso03mulluoft/fragmentaphiloso03mulluoft_0215.png"; bbox 0 0 2528 3788; ppageno 0'>
   <div class='ocr_carea' id='block_1_1' title="bbox 0 246 330 830">
    <p class='ocr_par' dir='ltr' id='par_1_1' title="bbox 0 246 330 830">
     <span class='ocr_line' id='line_1_1' title="bbox 0 246 310 595; baseline 0 -11"><span class='ocrx_word' id='word_1_1' title='bbox 0 246 310 595; x_wconf 95' lang='lat' dir='ltr'><strong>       </strong></span> 
     </span>
     <span class='ocr_line' id='line_1_2' title="bbox 0 595 157 653; baseline 0 3135"><span class='ocrx_word' id='word_1_2' title='bbox 0 595 157 653; x_wconf 95' lang='lat' dir='ltr'><strong> </strong></span> 
     </span>
     <span class='ocr_line' id='line_1_3' title="bbox 0 653 330 798; baseline 0 -28"><span class='ocrx_word' id='word_1_3' title='bbox 0 653 330 798; x_wconf 95' lang='lat' dir='ltr'><strong>   </strong></span> 
     </span>
     <span class='ocr_line' id='line_1_4' title="bbox 0 798 306 830; baseline 0 2958"><span class='ocrx_word' id='word_1_4' title='bbox 0 798 306 830; x_wconf 95' lang='lat' dir='ltr'><strong> </strong></span> 
     </span>
    </p>
   </div>
   <div class='ocr_carea' id='block_1_2' title="bbox 30 451 1260 1815">
    <p class='ocr_par' dir='ltr' id='par_1_2' title="bbox 35 451 1260 1223">
     <span class='ocr_line' id='line_1_5' title="bbox 177 451 1260 508; baseline 0.006 -19"><span class='ocrx_word' id='word_1_5' title='bbox 177 503 180 504; x_wconf 10' lang='lat'><em>?</em></span> <span class='ocrx_word' id='word_1_6' title='bbox 197 502 204 508; x_wconf 36' lang='lat' dir='ltr'>ss</span> <span class='ocrx_word' id='word_1_7' title='bbox 290 476 293 480; x_wconf 83' lang='lat'><em>,</em></span> <span class='ocrx_word' id='word_1_8' title='bbox 328 451 392 499; x_wconf 72' lang='grc' dir='ltr'><strong>τὴν</strong></span> <span class='ocrx_word' id='word_1_9' title='bbox 414 455 475 500; x_wconf 75' lang='grc' dir='ltr'><strong>τῆς</strong></span> <span class='ocrx_word' id='word_1_10' title='bbox 489 453 607 506; x_wconf 82' lang='grc' dir='ltr'>ψυχῆς</span> <span class='ocrx_word' id='word_1_11' title='bbox 625 452 812 504; x_wconf 78' lang='grc' dir='ltr'>διοίκησιν,</span> <span class='ocrx_word' id='word_1_12' title='bbox 829 453 914 508; x_wconf 77' lang='grc' dir='ltr'>ἔσχε</span> <span class='ocrx_word' id='word_1_13' title='bbox 928 453 969 494; x_wconf 76' lang='grc' dir='ltr'>τὸ</span> <span class='ocrx_word' id='word_1_14' title='bbox 989 455 1106 499; x_wconf 84' lang='grc' dir='ltr'>καλῶς</span> <span class='ocrx_word' id='word_1_15' title='bbox 1122 456 1260 495; x_wconf 84' lang='grc' dir='ltr'>διοικεῖ-</span> 
     </span>
     <span class='ocr_line' id='line_1_6' title="bbox 165 508 1257 566; baseline 0.006 -20"><span class='ocrx_word' id='word_1_16' title='bbox 165 509 218 559; x_wconf 46' lang='grc' dir='ltr'><strong>..ξτξ,</strong></span> <span class='ocrx_word' id='word_1_17' title='bbox 238 545 246 553; x_wconf 64' lang='grc'><strong>,,</strong></span> <span class='ocrx_word' id='word_1_18' title='bbox 303 508 495 549; x_wconf 64' lang='grc' dir='ltr'>«δύνασθαι.</span> <span class='ocrx_word' id='word_1_19' title='bbox 516 510 633 565; x_wconf 77' lang='grc' dir='ltr'>Ψυχὴ</span> <span class='ocrx_word' id='word_1_20' title='bbox 654 511 722 564; x_wconf 79' lang='grc' dir='ltr'>γὰρ</span> <span class='ocrx_word' id='word_1_21' title='bbox 737 518 835 552; x_wconf 80' lang='grc' dir='ltr'>πᾶσα</span> <span class='ocrx_word' id='word_1_22' title='bbox 846 542 856 561; x_wconf 93' lang='grc'>,</span> <span class='ocrx_word' id='word_1_23' title='bbox 869 512 970 566; x_wconf 78' lang='grc' dir='ltr'>φησί,</span> <span class='ocrx_word' id='word_1_24' title='bbox 985 513 1114 557; x_wconf 87' lang='grc' dir='ltr'>παντὸς</span> <span class='ocrx_word' id='word_1_25' title='bbox 1130 515 1257 566; x_wconf 83' lang='grc' dir='ltr'>ἐπιμε-</span> 
     </span>
     <span class='ocr_line' id='line_1_7' title="bbox 291 569 1256 625; baseline 0.005 -17.268"><span class='ocrx_word' id='word_1_26' title='bbox 291 582 321 607; x_wconf 86' lang='grc' dir='ltr'><strong>ι</strong></span> <span class='ocrx_word' id='word_1_27' title='bbox 338 571 402 608; x_wconf 80' lang='grc' dir='ltr'><strong>τοῦ</strong></span> <span class='ocrx_word' id='word_1_28' title='bbox 422 569 572 623; x_wconf 78' lang='grc' dir='ltr'>ἀψύχου·</span> <span class='ocrx_word' id='word_1_29' title='bbox 591 570 705 610; x_wconf 84' lang='grc' dir='ltr'>πάντα</span> <span class='ocrx_word' id='word_1_30' title='bbox 715 569 752 610; x_wconf 70' lang='grc' dir='ltr'><strong>δὲ</strong></span> <span class='ocrx_word' id='word_1_31' title='bbox 765 571 909 625; x_wconf 78' lang='grc' dir='ltr'>οὐρανὸν</span> <span class='ocrx_word' id='word_1_32' title='bbox 928 572 1112 623; x_wconf 82' lang='grc' dir='ltr'>περιπολεῖ</span> <span class='ocrx_word' id='word_1_33' title='bbox 1138 573 1256 613; x_wconf 80' lang='grc' dir='ltr'>ἄλλοτ’</span> 
     </span>
     <span class='ocr_line' id='line_1_8' title="bbox 166 627 1254 684; baseline 0.007 -20"><span class='ocrx_word' id='word_1_34' title='bbox 166 643 167 646; x_wconf 58' lang='grc'>’</span> <span class='ocrx_word' id='word_1_35' title='bbox 229 675 234 684; x_wconf 29' lang='grc' dir='ltr'><em>ὃ</em></span> <span class='ocrx_word' id='word_1_36' title='bbox 257 627 382 672; x_wconf 51' lang='grc' dir='ltr'>’ἅλοις</span> <span class='ocrx_word' id='word_1_37' title='bbox 406 627 712 682; x_wconf 28' lang='grc' dir='ltr'>εἴδεσιᾸγινομένη.</span> <span class='ocrx_word' id='word_1_38' title='bbox 733 630 839 669; x_wconf 81' lang='grc' dir='ltr'>Ἀλλὰ</span> <span class='ocrx_word' id='word_1_39' title='bbox 860 631 930 682; x_wconf 77' lang='grc' dir='ltr'><strong>μὴν</strong></span> <span class='ocrx_word' id='word_1_40' title='bbox 952 631 1011 669; x_wconf 82' lang='grc' dir='ltr'><strong>καὶ</strong></span> <span class='ocrx_word' id='word_1_41' title='bbox 1032 631 1075 670; x_wconf 86' lang='grc' dir='ltr'>τὰ</span> <span class='ocrx_word' id='word_1_42' title='bbox 1098 634 1160 680; x_wconf 79' lang='grc' dir='ltr'><strong>τῆς</strong></span> <span class='ocrx_word' id='word_1_43' title='bbox 1180 634 1254 672; x_wconf 79' lang='grc' dir='ltr'>ἐπι·</span> 
     </span>
     <span class='ocr_line' id='line_1_9' title="bbox 146 684 1257 742; baseline 0.004 -16"><span class='ocrx_word' id='word_1_44' title='bbox 146 684 205 723; x_wconf 69' lang='grc' dir='ltr'><strong>’-.ῑ’Ῐ’</strong></span> <span class='ocrx_word' id='word_1_45' title='bbox 287 702 347 735; x_wconf 83' lang='grc' dir='ltr'><strong>-ης</strong></span> <span class='ocrx_word' id='word_1_46' title='bbox 369 685 432 727; x_wconf 76' lang='grc' dir='ltr'>καὶ</span> <span class='ocrx_word' id='word_1_47' title='bbox 452 690 516 735; x_wconf 81' lang='grc' dir='ltr'><strong>τῆς</strong></span> <span class='ocrx_word' id='word_1_48' title='bbox 543 687 664 742; x_wconf 77' lang='grc' dir='ltr'>σοφίας</span> <span class='ocrx_word' id='word_1_49' title='bbox 694 688 756 727; x_wconf 77' lang='grc' dir='ltr'><strong>καὶ</strong></span> <span class='ocrx_word' id='word_1_50' title='bbox 785 690 834 734; x_wconf 85' lang='grc' dir='ltr'><strong>εἷς</strong></span> <span class='ocrx_word' id='word_1_51' title='bbox 867 689 931 737; x_wconf 84' lang='grc' dir='ltr'><strong>τὴν</strong></span> <span class='ocrx_word' id='word_1_52' title='bbox 966 690 1161 730; x_wconf 82' lang='grc' dir='ltr'>ἀθανασίαν</span> <span class='ocrx_word' id='word_1_53' title='bbox 1195 695 1257 739; x_wconf 85' lang='grc' dir='ltr'>τ’ῆς</span> 
     </span>
     <span class='ocr_line' id='line_1_10' title="bbox 275 748 1255 803; baseline 0.005 -18"><span class='ocrx_word' id='word_1_54' title='bbox 275 786 288 790; x_wconf 88' lang='lat'><strong>..</strong></span> <span class='ocrx_word' id='word_1_55' title='bbox 336 748 511 795; x_wconf 71' lang='grc' dir='ltr'>ἀνῆπται</span> <span class='ocrx_word' id='word_1_56' title='bbox 541 749 593 802; x_wconf 79' lang='grc' dir='ltr'>τῷ</span> <span class='ocrx_word' id='word_1_57' title='bbox 627 748 808 788; x_wconf 83' lang='grc' dir='ltr'>Πλάτωνι.</span> <span class='ocrx_word' id='word_1_58' title='bbox 836 751 958 789; x_wconf 80' lang='grc' dir='ltr'>Πᾶσαι</span> <span class='ocrx_word' id='word_1_59' title='bbox 989 748 1057 803; x_wconf 80' lang='grc' dir='ltr'>γὰρ</span> <span class='ocrx_word' id='word_1_60' title='bbox 1077 751 1113 789; x_wconf 79' lang='grc' dir='ltr'><strong>αἱ</strong></span> <span class='ocrx_word' id='word_1_61' title='bbox 1143 751 1255 802; x_wconf 78' lang='grc' dir='ltr'>μαθή-</span> 
     </span>
     <span class='ocr_line' id='line_1_11' title="bbox 290 806 1255 858; baseline 0.005 -13"><span class='ocrx_word' id='word_1_62' title='bbox 290 809 339 855; x_wconf 58' lang='grc' dir='ltr'><strong>Ᾰ,</strong></span> <span class='ocrx_word' id='word_1_63' title='bbox 371 806 595 858; x_wconf 80' lang='grc' dir='ltr'>ἀναμνήσεις·</span> <span class='ocrx_word' id='word_1_64' title='bbox 629 806 690 847; x_wconf 73' lang='grc' dir='ltr'>καὶ</span> <span class='ocrx_word' id='word_1_65' title='bbox 712 809 776 847; x_wconf 86' lang='grc' dir='ltr'><strong>οὗκ</strong></span> <span class='ocrx_word' id='word_1_66' title='bbox 808 807 923 853; x_wconf 82' lang='grc' dir='ltr'>ἄλλως</span> <span class='ocrx_word' id='word_1_67' title='bbox 958 807 1068 848; x_wconf 79' lang='grc' dir='ltr'>οἴεται</span> <span class='ocrx_word' id='word_1_68' title='bbox 1090 809 1255 850; x_wconf 83' lang='grc' dir='ltr'>δύνασθαι</span> 
     </span>
     <span class='ocr_line' id='line_1_12' title="bbox 293 861 1253 922; baseline 0.002 -16"><span class='ocrx_word' id='word_1_69' title='bbox 293 890 308 898; x_wconf 79' lang='lat'><strong>,.</strong></span> <span class='ocrx_word' id='word_1_70' title='bbox 346 882 378 906; x_wconf 86' lang='grc' dir='ltr'><strong>ι</strong></span> <span class='ocrx_word' id='word_1_71' title='bbox 404 865 468 916; x_wconf 74' lang='grc' dir='ltr'><strong>τὴν</strong></span> <span class='ocrx_word' id='word_1_72' title='bbox 484 866 630 916; x_wconf 82' lang='grc' dir='ltr'>ζήτησιν</span> <span class='ocrx_word' id='word_1_73' title='bbox 658 867 718 906; x_wconf 77' lang='grc' dir='ltr'><strong>καὶ</strong></span> <span class='ocrx_word' id='word_1_74' title='bbox 746 867 899 919; x_wconf 87' lang='grc' dir='ltr'>μάθησιν</span> <span class='ocrx_word' id='word_1_75' title='bbox 914 898 924 917; x_wconf 93' lang='grc'>,</span> <span class='ocrx_word' id='word_1_76' title='bbox 948 866 982 913; x_wconf 80' lang='grc' dir='ltr'><strong>ἐξ</strong></span> <span class='ocrx_word' id='word_1_77' title='bbox 1005 861 1053 907; x_wconf 65' lang='grc' dir='ltr'><strong>ὧν</strong></span> <span class='ocrx_word' id='word_1_78' title='bbox 1075 869 1253 922; x_wconf 81' lang='grc' dir='ltr'>ἐπιστήμη</span> 
     </span>
     <span class='ocr_line' id='line_1_13' title="bbox 326 927 1254 982; baseline 0.003 -15"><span class='ocrx_word' id='word_1_79' title='bbox 326 942 353 969; x_wconf 85' lang='grc' dir='ltr'><strong>ι.</strong></span> <span class='ocrx_word' id='word_1_80' title='bbox 410 928 456 968; x_wconf 79' lang='grc' dir='ltr'><strong>Εἰ</strong></span> <span class='ocrx_word' id='word_1_81' title='bbox 483 927 520 967; x_wconf 77' lang='grc' dir='ltr'><strong>δὲ</strong></span> <span class='ocrx_word' id='word_1_82' title='bbox 545 927 595 979; x_wconf 80' lang='grc' dir='ltr'>μή</span> <span class='ocrx_word' id='word_1_83' title='bbox 627 929 720 968; x_wconf 78' lang='grc' dir='ltr'>ἔστιν</span> <span class='ocrx_word' id='word_1_84' title='bbox 751 931 773 975; x_wconf 84' lang='grc' dir='ltr'>ἡ</span> <span class='ocrx_word' id='word_1_85' title='bbox 807 928 904 982; x_wconf 83' lang='grc' dir='ltr'>ψυχὴ</span> <span class='ocrx_word' id='word_1_86' title='bbox 941 928 1134 979; x_wconf 88' lang='grc' dir='ltr'>ἀθάνατος,</span> <span class='ocrx_word' id='word_1_87' title='bbox 1177 931 1254 970; x_wconf 80' lang='grc' dir='ltr'>οὐδὲ</span> 
     </span>
     <span class='ocr_line' id='line_1_14' title="bbox 131 981 1254 1043; baseline 0.004 -18"><span class='ocrx_word' id='word_1_88' title='bbox 131 1035 135 1037; x_wconf 63' lang='lat'><strong><em>,</em></strong></span> <span class='ocrx_word' id='word_1_89' title='bbox 187 981 412 1043; x_wconf 52' lang='lat' dir='ltr'><strong>Quiete·</strong></span> <span class='ocrx_word' id='word_1_90' title='bbox 433 988 463 1027; x_wconf 77' lang='grc' dir='ltr'>εἰ</span> <span class='ocrx_word' id='word_1_91' title='bbox 498 985 535 1026; x_wconf 84' lang='grc' dir='ltr'><strong>δὲ</strong></span> <span class='ocrx_word' id='word_1_92' title='bbox 568 986 618 1039; x_wconf 76' lang='grc' dir='ltr'>μὴ</span> <span class='ocrx_word' id='word_1_93' title='bbox 638 990 767 1036; x_wconf 77' lang='grc' dir='ltr'>τοῦτο,</span> <span class='ocrx_word' id='word_1_94' title='bbox 794 987 873 1027; x_wconf 75' lang='grc' dir='ltr'>οὐδὲ</span> <span class='ocrx_word' id='word_1_95' title='bbox 903 987 1068 1039; x_wconf 81' lang='grc' dir='ltr'>μάθησις.</span> <span class='ocrx_word' id='word_1_96' title='bbox 1105 990 1254 1029; x_wconf 84' lang='grc' dir='ltr'>Πάντων</span> 
     </span>
     <span class='ocr_line' id='line_1_15' title="bbox 123 1041 1254 1102; baseline 0.003 -15"><span class='ocrx_word' id='word_1_97' title='bbox 123 1048 137 1069; x_wconf 41' lang='lat' dir='ltr'><strong>f</strong></span> <span class='ocrx_word' id='word_1_98' title='bbox 184 1041 266 1090; x_wconf 49' lang='lat' dir='ltr'><strong>‚ab</strong></span> <span class='ocrx_word' id='word_1_99' title='bbox 290 1051 354 1087; x_wconf 70' lang='grc' dir='ltr'><strong>τοῦ</strong></span> <span class='ocrx_word' id='word_1_100' title='bbox 371 1046 562 1091; x_wconf 78' lang='grc' dir='ltr'>Πλάτωνος</span> <span class='ocrx_word' id='word_1_101' title='bbox 595 1046 778 1098; x_wconf 78' lang='grc' dir='ltr'>δογμάτων</span> <span class='ocrx_word' id='word_1_102' title='bbox 811 1049 966 1100; x_wconf 83' lang='grc' dir='ltr'>ἀτεχνῶς</span> <span class='ocrx_word' id='word_1_103' title='bbox 991 1047 1254 1102; x_wconf 81' lang='grc' dir='ltr'>ἐξηρτημένων,</span> 
     </span>
     <span class='ocr_line' id='line_1_16' title="bbox 41 1103 1254 1162; baseline 0.008 -24"><span class='ocrx_word' id='word_1_104' title='bbox 41 1143 43 1146; x_wconf 45' lang='grc'>,</span> <span class='ocrx_word' id='word_1_105' title='bbox 112 1103 265 1162; x_wconf 2' lang='lat' dir='ltr'><strong>§.qr-7331}</strong></span> <span class='ocrx_word' id='word_1_106' title='bbox 282 1105 552 1159; x_wconf 71' lang='grc' dir='ltr'>ἐγκρεμαμένων</span> <span class='ocrx_word' id='word_1_107' title='bbox 567 1109 629 1154; x_wconf 78' lang='grc' dir='ltr'><strong>τῆς</strong></span> <span class='ocrx_word' id='word_1_108' title='bbox 642 1106 732 1146; x_wconf 74' lang='grc' dir='ltr'>κατὰ</span> <span class='ocrx_word' id='word_1_109' title='bbox 753 1105 818 1160; x_wconf 74' lang='grc' dir='ltr'><strong>τὴν</strong></span> <span class='ocrx_word' id='word_1_110' title='bbox 831 1104 948 1160; x_wconf 81' lang='grc' dir='ltr'>ψυχὴν</span> <span class='ocrx_word' id='word_1_111' title='bbox 964 1107 1123 1155; x_wconf 80' lang='grc' dir='ltr'>θεότητός</span> <span class='ocrx_word' id='word_1_112' title='bbox 1137 1124 1174 1147; x_wconf 83' lang='grc' dir='ltr'><strong>τε</strong></span> <span class='ocrx_word' id='word_1_113' title='bbox 1193 1109 1254 1148; x_wconf 84' lang='grc' dir='ltr'><strong>καὶ</strong></span> 
     </span>
     <span class='ocr_line' id='line_1_17' title="bbox 35 1164 1255 1223; baseline 0.005 -23"><span class='ocrx_word' id='word_1_114' title='bbox 35 1183 52 1223; x_wconf 51' lang='lat'><strong>³⁷</strong></span> <span class='ocrx_word' id='word_1_115' title='bbox 107 1164 416 1214; x_wconf 53' lang='lat' dir='ltr'><strong>23·2‘²&#39;³&#39;ffl=voeetoe&lt;,</strong></span> <span class='ocrx_word' id='word_1_116' title='bbox 436 1168 456 1204; x_wconf 82' lang='grc' dir='ltr'>δ</span> <span class='ocrx_word' id='word_1_117' title='bbox 489 1164 538 1217; x_wconf 85' lang='grc' dir='ltr'>μὴ</span> <span class='ocrx_word' id='word_1_118' title='bbox 571 1167 762 1218; x_wconf 80' lang='grc' dir='ltr'>συγχωρῶν</span> <span class='ocrx_word' id='word_1_119' title='bbox 789 1168 914 1213; x_wconf 81' lang='grc' dir='ltr'>τοῦτο,</span> <span class='ocrx_word' id='word_1_120' title='bbox 937 1164 1000 1213; x_wconf 85' lang='grc' dir='ltr'><strong>τὴν</strong></span> <span class='ocrx_word' id='word_1_121' title='bbox 1027 1173 1145 1206; x_wconf 79' lang='grc' dir='ltr'>πᾶσαν</span> <span class='ocrx_word' id='word_1_122' title='bbox 1167 1168 1255 1206; x_wconf 86' lang='grc' dir='ltr'>ἀνα-</span> 
     </span>
    </p>

    <p class='ocr_par' dir='ltr' id='par_1_3' title="bbox 30 1219 1254 1815">
     <span class='ocr_line' id='line_1_18' title="bbox 125 1219 1254 1280; baseline 0.006 -19.932"><span class='ocrx_word' id='word_1_123' title='bbox 125 1223 143 1256; x_wconf 63' lang='lat'><strong>:²</strong></span> <span class='ocrx_word' id='word_1_124' title='bbox 193 1223 326 1278; x_wconf 62' lang='grc' dir='ltr'>τρέπει</span> <span class='ocrx_word' id='word_1_125' title='bbox 343 1224 548 1279; x_wconf 72' lang='grc' dir='ltr'>φιλοσοφίαν</span> <span class='ocrx_word' id='word_1_126' title='bbox 576 1224 779 1269; x_wconf 87' lang='grc' dir='ltr'>Πλάτωνος.</span> <span class='ocrx_word' id='word_1_127' title='bbox 797 1225 868 1270; x_wconf 77' lang='grc' dir='ltr'><strong>Τίς</strong></span> <span class='ocrx_word' id='word_1_128' title='bbox 888 1219 946 1264; x_wconf 69' lang='grc' dir='ltr'><strong>οῦν</strong></span> <span class='ocrx_word' id='word_1_129' title='bbox 969 1227 1061 1265; x_wconf 80' lang='grc' dir='ltr'>ἐστιν</span> <span class='ocrx_word' id='word_1_130' title='bbox 1081 1229 1099 1265; x_wconf 83' lang='grc' dir='ltr'><strong>ὁ</strong></span> <span class='ocrx_word' id='word_1_131' title='bbox 1118 1229 1254 1280; x_wconf 75' lang='grc' dir='ltr'>πρῶτος</span> 
     </span>
     <span class='ocr_line' id='line_1_19' title="bbox 204 1283 1253 1340; baseline -0.001 -15"><span class='ocrx_word' id='word_1_132' title='bbox 204 1284 414 1339; x_wconf 62' lang='grc' dir='ltr'>ἐγχειρήσας</span> <span class='ocrx_word' id='word_1_133' title='bbox 445 1284 692 1330; x_wconf 72' lang='grc' dir='ltr'>ἀντιτάξασθαι</span> <span class='ocrx_word' id='word_1_134' title='bbox 719 1283 942 1332; x_wconf 87' lang='grc' dir='ltr'>ἀποδείξεσι,</span> <span class='ocrx_word' id='word_1_135' title='bbox 964 1284 1027 1324; x_wconf 77' lang='grc' dir='ltr'><strong>καὶ</strong></span> <span class='ocrx_word' id='word_1_136' title='bbox 1046 1285 1108 1334; x_wconf 82' lang='grc' dir='ltr'><strong>τὴν</strong></span> <span class='ocrx_word' id='word_1_137' title='bbox 1135 1286 1253 1340; x_wconf 82' lang='grc' dir='ltr'>ψυχὴν</span> 
     </span>
     <span class='ocr_line' id='line_1_20' title="bbox 204 1343 1251 1397; baseline 0 -13"><span class='ocrx_word' id='word_1_138' title='bbox 204 1343 398 1397; x_wconf 53' lang='lat' dir='ltr'><strong>deuncem</strong></span> <span class='ocrx_word' id='word_1_139' title='bbox 423 1346 486 1392; x_wconf 79' lang='grc' dir='ltr'>τ’ἥς</span> <span class='ocrx_word' id='word_1_140' title='bbox 501 1344 693 1388; x_wconf 76' lang='grc' dir='ltr'>ἀθανασίας</span> <span class='ocrx_word' id='word_1_141' title='bbox 710 1343 771 1383; x_wconf 75' lang='grc' dir='ltr'><strong>καὶ</strong></span> <span class='ocrx_word' id='word_1_142' title='bbox 798 1347 860 1392; x_wconf 83' lang='grc' dir='ltr'>τῆς</span> <span class='ocrx_word' id='word_1_143' title='bbox 879 1343 988 1390; x_wconf 86' lang='grc' dir='ltr'>ἄλλης</span> <span class='ocrx_word' id='word_1_144' title='bbox 1008 1345 1126 1393; x_wconf 82' lang='grc' dir='ltr'>πάσης</span> <span class='ocrx_word' id='word_1_145' title='bbox 1145 1346 1251 1385; x_wconf 87' lang='grc' dir='ltr'>δυνά-</span> 
     </span>
     <span class='ocr_line' id='line_1_21' title="bbox 206 1402 1251 1459; baseline -0.001 -15"><span class='ocrx_word' id='word_1_146' title='bbox 206 1417 323 1455; x_wconf 53' lang='lat' dir='ltr'><strong>ww</strong></span> <span class='ocrx_word' id='word_1_147' title='bbox 345 1403 409 1448; x_wconf 81' lang='grc' dir='ltr'><strong>Τίς</strong></span> <span class='ocrx_word' id='word_1_148' title='bbox 423 1403 453 1442; x_wconf 86' lang='grc' dir='ltr'><strong>δ’</strong></span> <span class='ocrx_word' id='word_1_149' title='bbox 475 1402 588 1457; x_wconf 68' lang='grc' dir='ltr'>ἔτερος</span> <span class='ocrx_word' id='word_1_150' title='bbox 614 1402 637 1451; x_wconf 82' lang='grc' dir='ltr'>ἢ</span> <span class='ocrx_word' id='word_1_151' title='bbox 663 1406 681 1443; x_wconf 84' lang='grc' dir='ltr'>ὁ</span> <span class='ocrx_word' id='word_1_152' title='bbox 702 1403 966 1457; x_wconf 83' lang='grc' dir='ltr'>Ἀριστοτέλης;</span> <span class='ocrx_word' id='word_1_153' title='bbox 989 1405 1070 1444; x_wconf 78' lang='grc' dir='ltr'><strong>Τῶν</strong></span> <span class='ocrx_word' id='word_1_154' title='bbox 1093 1404 1156 1455; x_wconf 85' lang='grc' dir='ltr'><strong>μὲν</strong></span> <span class='ocrx_word' id='word_1_155' title='bbox 1181 1405 1251 1459; x_wconf 87' lang='grc' dir='ltr'>γὰρ</span> 
     </span>
     <span class='ocr_line' id='line_1_22' title="bbox 205 1462 1251 1517; baseline 0 -14"><span class='ocrx_word' id='word_1_156' title='bbox 205 1462 324 1503; x_wconf 62' lang='grc' dir='ltr'>ἄλλων</span> <span class='ocrx_word' id='word_1_157' title='bbox 341 1465 374 1502; x_wconf 78' lang='grc' dir='ltr'><strong>οἱ</strong></span> <span class='ocrx_word' id='word_1_158' title='bbox 403 1462 467 1516; x_wconf 89' lang='grc' dir='ltr'><strong>μὲν</strong></span> <span class='ocrx_word' id='word_1_159' title='bbox 487 1462 721 1515; x_wconf 78' lang='grc' dir='ltr'>ἐπιδιαμένειν</span> <span class='ocrx_word' id='word_1_160' title='bbox 751 1462 1018 1516; x_wconf 86' lang='grc' dir='ltr'>συνεχώρησαν·</span> <span class='ocrx_word' id='word_1_161' title='bbox 1037 1465 1074 1502; x_wconf 78' lang='grc' dir='ltr'><strong>οἱ</strong></span> <span class='ocrx_word' id='word_1_162' title='bbox 1103 1464 1132 1503; x_wconf 88' lang='grc' dir='ltr'><strong>δ’</strong></span> <span class='ocrx_word' id='word_1_163' title='bbox 1151 1467 1180 1503; x_wconf 85' lang='grc' dir='ltr'>εἰ</span> <span class='ocrx_word' id='word_1_164' title='bbox 1202 1465 1251 1517; x_wconf 82' lang='grc' dir='ltr'>μὴ</span> 
     </span>
     <span class='ocr_line' id='line_1_23' title="bbox 92 1515 1252 1577; baseline 0 -15"><span class='ocrx_word' id='word_1_165' title='bbox 92 1515 117 1577; x_wconf 49' lang='lat'><strong>⁵5</strong></span> <span class='ocrx_word' id='word_1_166' title='bbox 157 1557 161 1559; x_wconf 12' lang='lat' dir='ltr'><strong>a</strong></span> <span class='ocrx_word' id='word_1_167' title='bbox 202 1521 265 1562; x_wconf 66' lang='lat' dir='ltr'><strong>xci</strong></span> <span class='ocrx_word' id='word_1_168' title='bbox 283 1525 409 1575; x_wconf 78' lang='grc' dir='ltr'>τοῦτο,</span> <span class='ocrx_word' id='word_1_169' title='bbox 429 1519 575 1574; x_wconf 78' lang='grc' dir='ltr'>δύναμίν</span> <span class='ocrx_word' id='word_1_170' title='bbox 594 1537 634 1574; x_wconf 88' lang='grc' dir='ltr'>γε</span> <span class='ocrx_word' id='word_1_171' title='bbox 653 1524 689 1561; x_wconf 84' lang='grc' dir='ltr'><strong>ἐν</strong></span> <span class='ocrx_word' id='word_1_172' title='bbox 699 1524 750 1575; x_wconf 83' lang='grc' dir='ltr'>τῷ</span> <span class='ocrx_word' id='word_1_173' title='bbox 766 1522 906 1574; x_wconf 86' lang='grc' dir='ltr'>σώματι</span> <span class='ocrx_word' id='word_1_174' title='bbox 925 1522 986 1562; x_wconf 84' lang='grc' dir='ltr'><strong>καὶ</strong></span> <span class='ocrx_word' id='word_1_175' title='bbox 1004 1522 1140 1571; x_wconf 83' lang='grc' dir='ltr'>κίνησίν</span> <span class='ocrx_word' id='word_1_176' title='bbox 1161 1540 1252 1575; x_wconf 83' lang='grc' dir='ltr'>τινα,</span> 
     </span>
     <span class='ocr_line' id='line_1_24' title="bbox 30 1581 1249 1636; baseline 0.004 -18"><span class='ocrx_word' id='word_1_177' title='bbox 30 1608 34 1618; x_wconf 72' lang='lat'>‚</span> <span class='ocrx_word' id='word_1_178' title='bbox 204 1581 267 1622; x_wconf 71' lang='grc' dir='ltr'>καὶ</span> <span class='ocrx_word' id='word_1_179' title='bbox 299 1581 386 1635; x_wconf 76' lang='grc' dir='ltr'>ἔργα</span> <span class='ocrx_word' id='word_1_180' title='bbox 410 1581 472 1620; x_wconf 72' lang='grc' dir='ltr'><strong>καὶ</strong></span> <span class='ocrx_word' id='word_1_181' title='bbox 493 1581 636 1635; x_wconf 78' lang='grc' dir='ltr'>πράξεις</span> <span class='ocrx_word' id='word_1_182' title='bbox 660 1581 852 1632; x_wconf 72' lang='grc' dir='ltr'>ἀπένειμαν</span> <span class='ocrx_word' id='word_1_183' title='bbox 882 1585 926 1636; x_wconf 85' lang='grc' dir='ltr'>τῇ</span> <span class='ocrx_word' id='word_1_184' title='bbox 954 1585 1067 1636; x_wconf 77' lang='grc' dir='ltr'>ψυχῇ.</span> <span class='ocrx_word' id='word_1_185' title='bbox 1127 1582 1174 1623; x_wconf 82' lang='lat' dir='ltr'><strong>‘O</strong></span> <span class='ocrx_word' id='word_1_186' title='bbox 1191 1585 1249 1632; x_wconf 81' lang='grc' dir='ltr'><strong>δέ,</strong></span> 
     </span>
     <span class='ocr_line' id='line_1_25' title="bbox 32 1636 1251 1696; baseline 0.001 -16"><span class='ocrx_word' id='word_1_187' title='bbox 32 1636 35 1643; x_wconf 65' lang='grc'><strong><em>’</em></strong></span> <span class='ocrx_word' id='word_1_188' title='bbox 119 1640 143 1658; x_wconf 58' lang='grc'><strong>’“’</strong></span> <span class='ocrx_word' id='word_1_189' title='bbox 165 1639 276 1696; x_wconf 96' lang='grc' dir='ltr'><strong>ὅσῳ</strong></span> <span class='ocrx_word' id='word_1_190' title='bbox 293 1654 361 1694; x_wconf 74' lang='grc' dir='ltr'><strong>περ</strong></span> <span class='ocrx_word' id='word_1_191' title='bbox 381 1640 530 1680; x_wconf 81' lang='grc' dir='ltr'>Πλάτων</span> <span class='ocrx_word' id='word_1_192' title='bbox 553 1639 771 1693; x_wconf 82' lang='grc' dir='ltr'>ἀπεσέμνυνε</span> <span class='ocrx_word' id='word_1_193' title='bbox 793 1640 832 1679; x_wconf 82' lang='grc' dir='ltr'>τὸ</span> <span class='ocrx_word' id='word_1_194' title='bbox 851 1643 914 1690; x_wconf 77' lang='grc' dir='ltr'>τῆς</span> <span class='ocrx_word' id='word_1_195' title='bbox 936 1643 1054 1695; x_wconf 77' lang='grc' dir='ltr'>ψυχῆς</span> <span class='ocrx_word' id='word_1_196' title='bbox 1082 1648 1251 1695; x_wconf 84' lang='grc' dir='ltr'>πρᾶγμα,</span> 
     </span>
     <span class='ocr_line' id='line_1_26' title="bbox 165 1699 1248 1755; baseline 0.001 -15.945"><span class='ocrx_word' id='word_1_197' title='bbox 165 1699 316 1755; x_wconf 40' lang='lat' dir='ltr'><strong>‘Am’</strong></span> <span class='ocrx_word' id='word_1_198' title='bbox 333 1699 522 1753; x_wconf 69' lang='grc' dir='ltr'>γενέσεως,</span> <span class='ocrx_word' id='word_1_199' title='bbox 549 1700 610 1740; x_wconf 80' lang='grc' dir='ltr'><strong>καὶ</strong></span> <span class='ocrx_word' id='word_1_200' title='bbox 633 1704 711 1741; x_wconf 90' lang='grc' dir='ltr'>θεοῦ</span> <span class='ocrx_word' id='word_1_201' title='bbox 733 1699 933 1753; x_wconf 85' lang='grc' dir='ltr'>παίδευμα,</span> <span class='ocrx_word' id='word_1_202' title='bbox 955 1701 1016 1740; x_wconf 81' lang='grc' dir='ltr'><strong>καὶ</strong></span> <span class='ocrx_word' id='word_1_203' title='bbox 1036 1703 1106 1740; x_wconf 86' lang='grc' dir='ltr'><strong>τῶν</strong></span> <span class='ocrx_word' id='word_1_204' title='bbox 1134 1702 1248 1741; x_wconf 83' lang='grc' dir='ltr'>ἁπάν-</span> 
     </span>
     <span class='ocr_line' id='line_1_27' title="bbox 116 1756 1250 1815; baseline -0.001 -14"><span class='ocrx_word' id='word_1_205' title='bbox 116 1756 486 1815; x_wconf 48' lang='lat' dir='ltr'><strong>‘swan-maiust</strong></span> <span class='ocrx_word' id='word_1_206' title='bbox 516 1759 797 1814; x_wconf 81' lang='grc' dir='ltr'>ἀποφηνάμενος·</span> <span class='ocrx_word' id='word_1_207' title='bbox 826 1759 983 1815; x_wconf 83' lang='grc' dir='ltr'>τοσούτῳ</span> <span class='ocrx_word' id='word_1_208' title='bbox 1016 1760 1058 1808; x_wconf 73' lang='grc' dir='ltr'><strong>δὴ</strong></span> <span class='ocrx_word' id='word_1_209' title='bbox 1083 1761 1250 1814; x_wconf 83' lang='grc' dir='ltr'>ἐφιλονεί-</span> 
     </span>
    </p>
   </div>
   <div class='ocr_carea' id='block_1_3' title="bbox 0 830 346 3614">
    <p class='ocr_par' dir='ltr' id='par_1_4' title="bbox 0 830 346 3614">
     <span class='ocr_line' id='line_1_28' title="bbox 0 830 346 1009; baseline 0 -57"><span class='ocrx_word' id='word_1_210' title='bbox 0 830 346 1009; x_wconf 95' lang='lat' dir='ltr'><strong>      </strong></span> <span class='ocrx_word' id='word_1_211' title='bbox 339 842 343 866; x_wconf 95' lang='lat' dir='ltr'><strong> </strong></span> 
     </span>
     <span class='ocr_line' id='line_1_29' title="bbox 0 1009 184 1135; baseline 0 -64"><span class='ocrx_word' id='word_1_212' title='bbox 0 1009 184 1135; x_wconf 95' lang='lat' dir='ltr'><strong>    </strong></span> 
     </span>
     <span class='ocr_line' id='line_1_30' title="bbox 0 1135 122 1424; baseline 0 -155"><span class='ocrx_word' id='word_1_213' title='bbox 0 1135 122 1424; x_wconf 95' lang='lat' dir='ltr'><strong>    </strong></span> 
     </span>
     <span class='ocr_line' id='line_1_31' title="bbox 0 1424 160 1611; baseline 0.063 -9"><span class='ocrx_word' id='word_1_214' title='bbox 0 1424 160 1611; x_wconf 95' lang='lat' dir='ltr'><strong>    </strong></span> 
     </span>
     <span class='ocr_line' id='line_1_32' title="bbox 0 1611 186 1843; baseline 0.048 -120"><span class='ocrx_word' id='word_1_215' title='bbox 0 1611 186 1843; x_wconf 95' lang='lat' dir='ltr'><strong>    </strong></span> 
     </span>
     <span class='ocr_line' id='line_1_33' title="bbox 0 1851 198 2060; baseline 0 -60"><span class='ocrx_word' id='word_1_216' title='bbox 0 1851 198 2060; x_wconf 95' lang='lat' dir='ltr'><strong>   </strong></span> 
     </span>
     <span class='ocr_line' id='line_1_34' title="bbox 0 2060 148 2247; baseline 0 -29"><span class='ocrx_word' id='word_1_217' title='bbox 0 2060 148 2247; x_wconf 95' lang='lat' dir='ltr'><strong>    </strong></span> 
     </span>
     <span class='ocr_line' id='line_1_35' title="bbox 0 2247 183 2394; baseline 0 0"><span class='ocrx_word' id='word_1_218' title='bbox 0 2247 183 2394; x_wconf 95' lang='lat' dir='ltr'><strong>  </strong></span> 
     </span>
     <span class='ocr_line' id='line_1_36' title="bbox 0 2394 197 2454; baseline 0 -41"><span class='ocrx_word' id='word_1_219' title='bbox 0 2394 197 2454; x_wconf 95' lang='lat' dir='ltr'><strong>  </strong></span> 
     </span>
     <span class='ocr_line' id='line_1_37' title="bbox 0 2454 191 2648; baseline 0 -63"><span class='ocrx_word' id='word_1_220' title='bbox 0 2454 191 2648; x_wconf 95' lang='lat' dir='ltr'><strong>    </strong></span> 
     </span>
     <span class='ocr_line' id='line_1_38' title="bbox 0 2771 195 2998; baseline 0 -2"><span class='ocrx_word' id='word_1_221' title='bbox 0 2771 195 2998; x_wconf 95' lang='lat' dir='ltr'><strong>     </strong></span> 
     </span>
     <span class='ocr_line' id='line_1_39' title="bbox 2 3141 179 3198; baseline 0 590"><span class='ocrx_word' id='word_1_222' title='bbox 2 3141 179 3198; x_wconf 95' lang='lat' dir='ltr'><strong> </strong></span> 
     </span>
     <span class='ocr_line' id='line_1_40' title="bbox 0 3198 198 3614; baseline 0 -266"><span class='ocrx_word' id='word_1_223' title='bbox 0 3198 198 3614; x_wconf 95' lang='lat' dir='ltr'><strong>    </strong></span> 
     </span>
    </p>
   </div>
   <div class='ocr_carea' id='block_1_4' title="bbox 65 1958 1252 3564">
    <p class='ocr_par' dir='ltr' id='par_1_5' title="bbox 65 1958 1252 2970">
     <span class='ocr_line' id='line_1_41' title="bbox 111 1958 1250 2026; baseline -0.003 -17"><span class='ocrx_word' id='word_1_224' title='bbox 111 1998 119 2023; x_wconf 63' lang='lat'><strong>3,</strong></span> <span class='ocrx_word' id='word_1_225' title='bbox 162 1958 404 2026; x_wconf 59' lang='lat' dir='ltr'><strong>“eruin-ntur.</strong></span> <span class='ocrx_word' id='word_1_226' title='bbox 435 1972 574 2007; x_wconf 77' lang='lat' dir='ltr'><strong>Animus</strong></span> <span class='ocrx_word' id='word_1_227' title='bbox 601 1972 690 2006; x_wconf 87' lang='lat' dir='ltr'><strong>enim</strong></span> <span class='ocrx_word' id='word_1_228' title='bbox 719 1972 847 2014; x_wconf 86' lang='lat' dir='ltr'><strong>omnis,</strong></span> <span class='ocrx_word' id='word_1_229' title='bbox 870 1972 994 2016; x_wconf 88' lang='lat' dir='ltr'><strong>inquit,</strong></span> <span class='ocrx_word' id='word_1_230' title='bbox 1014 1973 1123 2007; x_wconf 89' lang='lat' dir='ltr'><strong>omnis</strong></span> <span class='ocrx_word' id='word_1_231' title='bbox 1142 1973 1250 2007; x_wconf 89' lang='lat' dir='ltr'><strong>inani-</strong></span> 
     </span>
     <span class='ocr_line' id='line_1_42' title="bbox 130 2028 1251 2080; baseline -0.001 -14.021"><span class='ocrx_word' id='word_1_232' title='bbox 130 2033 140 2039; x_wconf 63' lang='grc'><em>“</em></span> <span class='ocrx_word' id='word_1_233' title='bbox 164 2028 282 2080; x_wconf 68' lang='lat' dir='ltr'><strong>nanti</strong></span> <span class='ocrx_word' id='word_1_234' title='bbox 297 2041 412 2067; x_wconf 81' lang='lat' dir='ltr'><strong>curam</strong></span> <span class='ocrx_word' id='word_1_235' title='bbox 439 2032 544 2075; x_wconf 67' lang='lat' dir='ltr'><strong>agit:</strong></span> <span class='ocrx_word' id='word_1_236' title='bbox 572 2031 727 2074; x_wconf 77' lang='lat' dir='ltr'><strong>idemque</strong></span> <span class='ocrx_word' id='word_1_237' title='bbox 741 2033 849 2065; x_wconf 71' lang='lat' dir='ltr'><strong>mmm</strong></span> <span class='ocrx_word' id='word_1_238' title='bbox 872 2031 995 2065; x_wconf 90' lang='lat' dir='ltr'><strong>coelum</strong></span> <span class='ocrx_word' id='word_1_239' title='bbox 1015 2032 1154 2073; x_wconf 87' lang='lat' dir='ltr'><strong>lustrat,</strong></span> <span class='ocrx_word' id='word_1_240' title='bbox 1177 2042 1251 2076; x_wconf 91' lang='lat' dir='ltr'><strong>spe-</strong></span> 
     </span>
     <span class='ocr_line' id='line_1_43' title="bbox 112 2075 1251 2134; baseline 0.002 -10"><span class='ocrx_word' id='word_1_241' title='bbox 112 2075 127 2096; x_wconf 57' lang='lat'><em>³</em></span> <span class='ocrx_word' id='word_1_242' title='bbox 199 2091 286 2127; x_wconf 64' lang='lat' dir='ltr'><strong>rien</strong></span> <span class='ocrx_word' id='word_1_243' title='bbox 317 2091 352 2125; x_wconf 90' lang='lat' dir='ltr'><strong>in</strong></span> <span class='ocrx_word' id='word_1_244' title='bbox 383 2090 458 2125; x_wconf 78' lang='lat' dir='ltr'><strong>aliis</strong></span> <span class='ocrx_word' id='word_1_245' title='bbox 482 2090 580 2125; x_wconf 82' lang='lat' dir='ltr'><strong>aliam</strong></span> <span class='ocrx_word' id='word_1_246' title='bbox 607 2093 708 2134; x_wconf 84' lang='lat' dir='ltr'><strong>atque</strong></span> <span class='ocrx_word' id='word_1_247' title='bbox 738 2091 836 2125; x_wconf 85' lang='lat' dir='ltr'><strong>aliam</strong></span> <span class='ocrx_word' id='word_1_248' title='bbox 862 2091 1013 2126; x_wconf 88' lang='lat' dir='ltr'><strong>induens.</strong></span> <span class='ocrx_word' id='word_1_249' title='bbox 1073 2093 1251 2126; x_wconf 80' lang='lat' dir='ltr'><strong>Enimvero</strong></span> 
     </span>
     <span class='ocr_line' id='line_1_44' title="bbox 198 2138 1252 2195; baseline 0 -11"><span class='ocrx_word' id='word_1_250' title='bbox 198 2138 362 2195; x_wconf 75' lang='lat' dir='ltr'><strong>quidquid</strong></span> <span class='ocrx_word' id='word_1_251' title='bbox 388 2149 536 2184; x_wconf 70' lang='lat' dir='ltr'><strong>scientim</strong></span> <span class='ocrx_word' id='word_1_252' title='bbox 555 2158 596 2184; x_wconf 89' lang='lat' dir='ltr'><strong>ac</strong></span> <span class='ocrx_word' id='word_1_253' title='bbox 611 2150 779 2194; x_wconf 73' lang='lat' dir='ltr'><strong>sapientiae</strong></span> <span class='ocrx_word' id='word_1_254' title='bbox 794 2150 965 2194; x_wconf 87' lang='lat' dir='ltr'><strong>proprium</strong></span> <span class='ocrx_word' id='word_1_255' title='bbox 989 2151 1042 2184; x_wconf 89' lang='lat' dir='ltr'><strong>est</strong></span> <span class='ocrx_word' id='word_1_256' title='bbox 1054 2175 1062 2191; x_wconf 96' lang='lat'><strong>,</strong></span> <span class='ocrx_word' id='word_1_257' title='bbox 1078 2150 1114 2184; x_wconf 88' lang='lat' dir='ltr'><strong>id</strong></span> <span class='ocrx_word' id='word_1_258' title='bbox 1144 2153 1252 2184; x_wconf 84' lang='lat' dir='ltr'><strong>totum</strong></span> 
     </span>
     <span class='ocr_line' id='line_1_45' title="bbox 199 2210 1250 2245; baseline 0 -1"><span class='ocrx_word' id='word_1_259' title='bbox 199 2218 278 2244; x_wconf 78' lang='lat' dir='ltr'><strong>cum</strong></span> <span class='ocrx_word' id='word_1_260' title='bbox 293 2210 396 2245; x_wconf 79' lang='lat' dir='ltr'><strong>animi</strong></span> <span class='ocrx_word' id='word_1_261' title='bbox 419 2210 665 2244; x_wconf 81' lang='lat' dir='ltr'><strong>immortalitate</strong></span> <span class='ocrx_word' id='word_1_262' title='bbox 693 2211 787 2244; x_wconf 90' lang='lat' dir='ltr'><strong>Plato</strong></span> <span class='ocrx_word' id='word_1_263' title='bbox 801 2211 985 2245; x_wconf 83' lang='lat' dir='ltr'><strong>connexuit.</strong></span> <span class='ocrx_word' id='word_1_264' title='bbox 1035 2211 1149 2245; x_wconf 89' lang='lat' dir='ltr'><strong>Omnis</strong></span> <span class='ocrx_word' id='word_1_265' title='bbox 1164 2212 1250 2244; x_wconf 89' lang='lat' dir='ltr'><strong>enim</strong></span> 
     </span>
     <span class='ocr_line' id='line_1_46' title="bbox 67 2269 1249 2314; baseline 0 -10"><span class='ocrx_word' id='word_1_266' title='bbox 67 2308 81 2310; x_wconf 19' lang='lat'><em>⁷</em></span> <span class='ocrx_word' id='word_1_267' title='bbox 198 2269 536 2314; x_wconf 55' lang='lat' dir='ltr'><strong>dominusper-ceptio</strong></span> <span class='ocrx_word' id='word_1_268' title='bbox 551 2269 739 2304; x_wconf 78' lang='lat' dir='ltr'><strong>recordatio</strong></span> <span class='ocrx_word' id='word_1_269' title='bbox 758 2270 911 2312; x_wconf 83' lang='lat' dir='ltr'><strong>quaedam</strong></span> <span class='ocrx_word' id='word_1_270' title='bbox 926 2273 979 2304; x_wconf 87' lang='lat' dir='ltr'><strong>est</strong></span> <span class='ocrx_word' id='word_1_271' title='bbox 999 2280 1008 2300; x_wconf 73' lang='grc' dir='ltr'><strong><em>τ</em></strong></span> <span class='ocrx_word' id='word_1_272' title='bbox 1029 2280 1135 2314; x_wconf 88' lang='lat' dir='ltr'><strong>neque</strong></span> <span class='ocrx_word' id='word_1_273' title='bbox 1153 2271 1249 2304; x_wconf 83' lang='lat' dir='ltr'><strong>aliter</strong></span> 
     </span>
     <span class='ocr_line' id='line_1_47' title="bbox 65 2325 1252 2378; baseline 0 -14"><span class='ocrx_word' id='word_1_274' title='bbox 65 2325 68 2328; x_wconf 64' lang='grc'><strong>”</strong></span> <span class='ocrx_word' id='word_1_275' title='bbox 88 2350 95 2355; x_wconf 84' lang='lat'><em>‹</em></span> <span class='ocrx_word' id='word_1_276' title='bbox 142 2374 146 2378; x_wconf 21' lang='grc' dir='ltr'>ἱ</span> <span class='ocrx_word' id='word_1_277' title='bbox 200 2335 312 2364; x_wconf 72' lang='lat' dir='ltr'><strong>rerum</strong></span> <span class='ocrx_word' id='word_1_278' title='bbox 327 2328 611 2372; x_wconf 63' lang='lat' dir='ltr'><strong>§investigationem</strong></span> <span class='ocrx_word' id='word_1_279' title='bbox 626 2330 662 2363; x_wconf 91' lang='lat' dir='ltr'><strong>et</strong></span> <span class='ocrx_word' id='word_1_280' title='bbox 676 2329 929 2372; x_wconf 75' lang='lat' dir='ltr'><strong>perceptionem,</strong></span> <span class='ocrx_word' id='word_1_281' title='bbox 947 2339 989 2363; x_wconf 81' lang='lat' dir='ltr'><strong>ex</strong></span> <span class='ocrx_word' id='word_1_282' title='bbox 1005 2330 1128 2372; x_wconf 82' lang='lat' dir='ltr'><strong>quihus</strong></span> <span class='ocrx_word' id='word_1_283' title='bbox 1144 2331 1252 2364; x_wconf 87' lang='lat' dir='ltr'><strong>scien-</strong></span> 
     </span>
     <span class='ocr_line' id='line_1_48' title="bbox 82 2380 1252 2432; baseline 0 -10"><span class='ocrx_word' id='word_1_284' title='bbox 82 2380 86 2388; x_wconf 52' lang='lat'><strong>*</strong></span> <span class='ocrx_word' id='word_1_285' title='bbox 198 2388 246 2432; x_wconf 61' lang='lat' dir='ltr'><strong>fl..</strong></span> <span class='ocrx_word' id='word_1_286' title='bbox 258 2387 419 2431; x_wconf 77' lang='lat' dir='ltr'><strong>nascitur,</strong></span> <span class='ocrx_word' id='word_1_287' title='bbox 432 2388 557 2422; x_wconf 75' lang='lat' dir='ltr'><strong>servari</strong></span> <span class='ocrx_word' id='word_1_288' title='bbox 571 2398 668 2432; x_wconf 83' lang='lat' dir='ltr'><strong>posse</strong></span> <span class='ocrx_word' id='word_1_289' title='bbox 686 2388 876 2422; x_wconf 78' lang='lat' dir='ltr'><strong>arbitratur.</strong></span> <span class='ocrx_word' id='word_1_290' title='bbox 896 2389 1024 2427; x_wconf 86' lang='lat' dir='ltr'><strong>Quodsi</strong></span> <span class='ocrx_word' id='word_1_291' title='bbox 1041 2389 1172 2422; x_wconf 90' lang='lat' dir='ltr'><strong>animus</strong></span> <span class='ocrx_word' id='word_1_292' title='bbox 1186 2399 1252 2422; x_wconf 89' lang='lat' dir='ltr'><strong>non</strong></span> 
     </span>
     <span class='ocr_line' id='line_1_49' title="bbox 170 2436 1250 2491; baseline -0.004 -7"><span class='ocrx_word' id='word_1_293' title='bbox 170 2436 178 2449; x_wconf 51' lang='lat'><em>⁰</em></span> <span class='ocrx_word' id='word_1_294' title='bbox 197 2447 253 2485; x_wconf 64' lang='lat'><strong>-52</strong></span> <span class='ocrx_word' id='word_1_295' title='bbox 269 2447 465 2483; x_wconf 72' lang='lat' dir='ltr'><strong>mortalis</strong></span> <span class='ocrx_word' id='word_1_296' title='bbox 477 2473 486 2489; x_wconf 89' lang='lat'><strong>,</strong></span> <span class='ocrx_word' id='word_1_297' title='bbox 503 2456 546 2482; x_wconf 88' lang='lat' dir='ltr'><strong>ne</strong></span> <span class='ocrx_word' id='word_1_298' title='bbox 563 2447 747 2482; x_wconf 75' lang='lat' dir='ltr'><strong>recordatio</strong></span> <span class='ocrx_word' id='word_1_299' title='bbox 763 2447 898 2491; x_wconf 86' lang='lat' dir='ltr'><strong>quidem</strong></span> <span class='ocrx_word' id='word_1_300' title='bbox 913 2447 979 2481; x_wconf 88' lang='lat' dir='ltr'><strong>ulla</strong></span> <span class='ocrx_word' id='word_1_301' title='bbox 994 2449 1067 2488; x_wconf 79' lang='lat' dir='ltr'><strong>est3</strong></span> <span class='ocrx_word' id='word_1_302' title='bbox 1088 2457 1155 2490; x_wconf 90' lang='lat' dir='ltr'><strong>qua</strong></span> <span class='ocrx_word' id='word_1_303' title='bbox 1169 2442 1250 2482; x_wconf 76' lang='lat' dir='ltr'><strong>eub-</strong></span> 
     </span>
     <span class='ocr_line' id='line_1_50' title="bbox 163 2499 1252 2551; baseline -0.002 -8"><span class='ocrx_word' id='word_1_304' title='bbox 163 2499 283 2550; x_wconf 48' lang='lat' dir='ltr'><strong>”Hm</strong></span> <span class='ocrx_word' id='word_1_305' title='bbox 299 2517 344 2542; x_wconf 79' lang='lat' dir='ltr'><strong>ne</strong></span> <span class='ocrx_word' id='word_1_306' title='bbox 363 2507 534 2551; x_wconf 77' lang='lat' dir='ltr'><strong>disciplina</strong></span> <span class='ocrx_word' id='word_1_307' title='bbox 555 2507 687 2550; x_wconf 87' lang='lat' dir='ltr'><strong>quidem</strong></span> <span class='ocrx_word' id='word_1_308' title='bbox 712 2507 780 2540; x_wconf 89' lang='lat' dir='ltr'><strong>ulla</strong></span> <span class='ocrx_word' id='word_1_309' title='bbox 800 2507 976 2550; x_wconf 88' lang='lat' dir='ltr'><strong>supererit.</strong></span> <span class='ocrx_word' id='word_1_310' title='bbox 1012 2510 1123 2546; x_wconf 91' lang='lat' dir='ltr'><strong>Quum</strong></span> <span class='ocrx_word' id='word_1_311' title='bbox 1151 2508 1252 2550; x_wconf 86' lang='lat' dir='ltr'><strong>igitur</strong></span> 
     </span>
     <span class='ocr_line' id='line_1_51' title="bbox 171 2555 1252 2611; baseline -0.001 -10"><span class='ocrx_word' id='word_1_312' title='bbox 171 2558 174 2560; x_wconf 54' lang='grc'><strong>’</strong></span> <span class='ocrx_word' id='word_1_313' title='bbox 190 2555 356 2611; x_wconf 60' lang='lat' dir='ltr'><strong>m</strong></span> <span class='ocrx_word' id='word_1_314' title='bbox 367 2566 516 2601; x_wconf 72' lang='lat' dir='ltr'><strong>Platonis</strong></span> <span class='ocrx_word' id='word_1_315' title='bbox 534 2567 688 2600; x_wconf 79' lang='lat' dir='ltr'><strong>universa</strong></span> <span class='ocrx_word' id='word_1_316' title='bbox 699 2576 741 2601; x_wconf 81' lang='lat' dir='ltr'><strong>ex</strong></span> <span class='ocrx_word' id='word_1_317' title='bbox 755 2567 858 2600; x_wconf 89' lang='lat' dir='ltr'><strong>animi</strong></span> <span class='ocrx_word' id='word_1_318' title='bbox 877 2567 1054 2600; x_wconf 84' lang='lat' dir='ltr'><strong>divinitate</strong></span> <span class='ocrx_word' id='word_1_319' title='bbox 1071 2569 1106 2601; x_wconf 91' lang='lat' dir='ltr'><strong>et</strong></span> <span class='ocrx_word' id='word_1_320' title='bbox 1120 2567 1252 2601; x_wconf 87' lang='lat' dir='ltr'><strong>immor-</strong></span> 
     </span>
     <span class='ocr_line' id='line_1_52' title="bbox 189 2625 1251 2675; baseline -0.002 -14"><span class='ocrx_word' id='word_1_321' title='bbox 189 2625 328 2675; x_wconf 50' lang='lat' dir='ltr'><strong>talitate</strong></span> <span class='ocrx_word' id='word_1_322' title='bbox 342 2626 474 2660; x_wconf 80' lang='lat' dir='ltr'><strong>omnino</strong></span> <span class='ocrx_word' id='word_1_323' title='bbox 490 2628 567 2670; x_wconf 88' lang='lat' dir='ltr'><strong>apta</strong></span> <span class='ocrx_word' id='word_1_324' title='bbox 584 2635 624 2660; x_wconf 88' lang='lat' dir='ltr'><strong>ac</strong></span> <span class='ocrx_word' id='word_1_325' title='bbox 636 2635 793 2669; x_wconf 87' lang='lat' dir='ltr'><strong>suspensa</strong></span> <span class='ocrx_word' id='word_1_326' title='bbox 817 2626 899 2667; x_wconf 86' lang='lat' dir='ltr'><strong>sint,</strong></span> <span class='ocrx_word' id='word_1_327' title='bbox 918 2626 977 2669; x_wconf 89' lang='lat' dir='ltr'><strong>qui</strong></span> <span class='ocrx_word' id='word_1_328' title='bbox 998 2626 1062 2659; x_wconf 89' lang='lat' dir='ltr'><strong>hoc</strong></span> <span class='ocrx_word' id='word_1_329' title='bbox 1079 2627 1251 2660; x_wconf 83' lang='lat' dir='ltr'><strong>decretum</strong></span> 
     </span>
     <span class='ocr_line' id='line_1_53' title="bbox 198 2684 1249 2735; baseline 0 -15"><span class='ocrx_word' id='word_1_330' title='bbox 198 2684 342 2735; x_wconf 64' lang='lat' dir='ltr'><strong>rejiciat,</strong></span> <span class='ocrx_word' id='word_1_331' title='bbox 360 2685 392 2720; x_wconf 78' lang='lat' dir='ltr'><strong>is</strong></span> <span class='ocrx_word' id='word_1_332' title='bbox 404 2695 535 2720; x_wconf 88' lang='lat' dir='ltr'><strong>omnem</strong></span> <span class='ocrx_word' id='word_1_333' title='bbox 551 2686 697 2720; x_wconf 83' lang='lat' dir='ltr'><strong>Platonis</strong></span> <span class='ocrx_word' id='word_1_334' title='bbox 717 2686 959 2729; x_wconf 79' lang='lat' dir='ltr'><strong>philosophiam</strong></span> <span class='ocrx_word' id='word_1_335' title='bbox 983 2686 1134 2720; x_wconf 81' lang='lat' dir='ltr'><strong>funditus</strong></span> <span class='ocrx_word' id='word_1_336' title='bbox 1151 2695 1249 2720; x_wconf 84' lang='lat' dir='ltr'><strong>cver-</strong></span> 
     </span>
     <span class='ocr_line' id='line_1_54' title="bbox 135 2734 1251 2789; baseline -0.003 -6"><span class='ocrx_word' id='word_1_337' title='bbox 135 2737 180 2760; x_wconf 34' lang='grc' dir='ltr'><em>Η</em></span> <span class='ocrx_word' id='word_1_338' title='bbox 194 2734 399 2783; x_wconf 56' lang='lat' dir='ltr'><strong>bime</strong></span> <span class='ocrx_word' id='word_1_339' title='bbox 421 2748 484 2782; x_wconf 82' lang='lat' dir='ltr'><strong>est.</strong></span> <span class='ocrx_word' id='word_1_340' title='bbox 543 2746 626 2786; x_wconf 83' lang='lat' dir='ltr'><strong>Quis</strong></span> <span class='ocrx_word' id='word_1_341' title='bbox 646 2755 724 2789; x_wconf 88' lang='lat' dir='ltr'><strong>ergo</strong></span> <span class='ocrx_word' id='word_1_342' title='bbox 748 2747 876 2789; x_wconf 88' lang='lat' dir='ltr'><strong>primus</strong></span> <span class='ocrx_word' id='word_1_343' title='bbox 901 2747 1047 2780; x_wconf 88' lang='lat' dir='ltr'><strong>omnium</strong></span> <span class='ocrx_word' id='word_1_344' title='bbox 1075 2747 1251 2781; x_wconf 77' lang='lat' dir='ltr'><strong>Platonicis</strong></span> 
     </span>
     <span class='ocr_line' id='line_1_55' title="bbox 159 2795 1252 2854; baseline 0 -13"><span class='ocrx_word' id='word_1_345' title='bbox 159 2795 171 2799; x_wconf 37' lang='lat'><strong>&#39;⁵</strong></span> <span class='ocrx_word' id='word_1_346' title='bbox 186 2797 530 2854; x_wconf 62' lang='lat' dir='ltr'><strong>{humumtionihus</strong></span> <span class='ocrx_word' id='word_1_347' title='bbox 560 2815 741 2850; x_wconf 80' lang='lat' dir='ltr'><strong>repugnare</strong></span> <span class='ocrx_word' id='word_1_348' title='bbox 768 2815 942 2850; x_wconf 79' lang='lat' dir='ltr'><strong>aggressus</strong></span> <span class='ocrx_word' id='word_1_349' title='bbox 964 2808 1037 2848; x_wconf 88' lang='lat' dir='ltr'><strong>est,</strong></span> <span class='ocrx_word' id='word_1_350' title='bbox 1067 2809 1167 2849; x_wconf 83' lang='lat' dir='ltr'><strong>atque</strong></span> <span class='ocrx_word' id='word_1_351' title='bbox 1183 2808 1252 2841; x_wconf 89' lang='lat' dir='ltr'><strong>ani-</strong></span> 
     </span>
     <span class='ocr_line' id='line_1_56' title="bbox 166 2858 1249 2916; baseline 0.001 -14"><span class='ocrx_word' id='word_1_352' title='bbox 166 2858 291 2902; x_wconf 69' lang='lat' dir='ltr'><strong>mm</strong></span> <span class='ocrx_word' id='word_1_353' title='bbox 306 2866 414 2916; x_wconf 62' lang='lat' dir='ltr'><strong>pimul</strong></span> <span class='ocrx_word' id='word_1_354' title='bbox 447 2867 695 2901; x_wconf 79' lang='lat' dir='ltr'><strong>immortalitate</strong></span> <span class='ocrx_word' id='word_1_355' title='bbox 728 2877 767 2900; x_wconf 87' lang='lat' dir='ltr'><strong>ac</strong></span> <span class='ocrx_word' id='word_1_356' title='bbox 802 2867 956 2900; x_wconf 76' lang='lat' dir='ltr'><strong>facultate</strong></span> <span class='ocrx_word' id='word_1_357' title='bbox 987 2866 1076 2900; x_wconf 89' lang='lat' dir='ltr'><strong>omni</strong></span> <span class='ocrx_word' id='word_1_358' title='bbox 1107 2866 1249 2909; x_wconf 88' lang='lat' dir='ltr'><strong>privare.</strong></span> 
     </span>
     <span class='ocr_line' id='line_1_57' title="bbox 171 2918 1250 2970; baseline 0 -10"><span class='ocrx_word' id='word_1_359' title='bbox 171 2918 175 2920; x_wconf 9' lang='grc' dir='ltr'>μ</span> <span class='ocrx_word' id='word_1_360' title='bbox 197 2922 281 2970; x_wconf 69' lang='lat' dir='ltr'><strong>Qda</strong></span> <span class='ocrx_word' id='word_1_361' title='bbox 299 2921 411 2960; x_wconf 75' lang='lat' dir='ltr'><strong>autem</strong></span> <span class='ocrx_word' id='word_1_362' title='bbox 434 2926 518 2960; x_wconf 82' lang='lat' dir='ltr'><strong>alius</strong></span> <span class='ocrx_word' id='word_1_363' title='bbox 539 2926 602 2960; x_wconf 88' lang='lat' dir='ltr'><strong>nisi</strong></span> <span class='ocrx_word' id='word_1_364' title='bbox 629 2926 845 2959; x_wconf 83' lang='lat' dir='ltr'><strong>Aristoteles?</strong></span> <span class='ocrx_word' id='word_1_365' title='bbox 875 2928 958 2959; x_wconf 83' lang='lat' dir='ltr'><strong>Nam</strong></span> <span class='ocrx_word' id='word_1_366' title='bbox 977 2935 1020 2959; x_wconf 86' lang='lat' dir='ltr'><strong>ex</strong></span> <span class='ocrx_word' id='word_1_367' title='bbox 1035 2927 1154 2960; x_wconf 85' lang='lat' dir='ltr'><strong>ceteris</strong></span> <span class='ocrx_word' id='word_1_368' title='bbox 1172 2927 1250 2969; x_wconf 92' lang='lat' dir='ltr'><strong>qui-</strong></span> 
     </span>
    </p>

    <p class='ocr_par' dir='ltr' id='par_1_6' title="bbox 140 2983 1250 3326">
     <span class='ocr_line' id='line_1_58' title="bbox 197 2983 1250 3030; baseline -0.001 -9"><span class='ocrx_word' id='word_1_369' title='bbox 197 2983 277 3021; x_wconf 72' lang='lat' dir='ltr'><strong>dm</strong></span> <span class='ocrx_word' id='word_1_370' title='bbox 290 2994 369 3021; x_wconf 76' lang='lat' dir='ltr'><strong>eum</strong></span> <span class='ocrx_word' id='word_1_371' title='bbox 395 2986 547 3021; x_wconf 73' lang='lat' dir='ltr'><strong>stabilem</strong></span> <span class='ocrx_word' id='word_1_372' title='bbox 567 2995 760 3030; x_wconf 87' lang='lat' dir='ltr'><strong>permanere</strong></span> <span class='ocrx_word' id='word_1_373' title='bbox 788 2986 973 3020; x_wconf 89' lang='lat' dir='ltr'><strong>concedunt</strong></span> <span class='ocrx_word' id='word_1_374' title='bbox 998 2987 1170 3020; x_wconf 79' lang='lat' dir='ltr'><strong>:nonnulli</strong></span> <span class='ocrx_word' id='word_1_375' title='bbox 1186 3012 1195 3029; x_wconf 81' lang='lat'><strong>,</strong></span> <span class='ocrx_word' id='word_1_376' title='bbox 1221 2988 1250 3020; x_wconf 88' lang='lat' dir='ltr'><strong>si</strong></span> 
     </span>
     <span class='ocr_line' id='line_1_59' title="bbox 164 3029 1250 3091; baseline -0.001 -11"><span class='ocrx_word' id='word_1_377' title='bbox 164 3034 167 3035; x_wconf 31' lang='lat'><em>⁷</em></span> <span class='ocrx_word' id='word_1_378' title='bbox 190 3029 310 3080; x_wconf 59' lang='lat' dir='ltr'><strong>fluns</strong></span> <span class='ocrx_word' id='word_1_379' title='bbox 323 3044 388 3080; x_wconf 77' lang='lat' dir='ltr'><strong>hoc</strong></span> <span class='ocrx_word' id='word_1_380' title='bbox 403 3046 561 3091; x_wconf 82' lang='lat' dir='ltr'><strong>probant,</strong></span> <span class='ocrx_word' id='word_1_381' title='bbox 584 3045 653 3081; x_wconf 88' lang='lat' dir='ltr'><strong>vim</strong></span> <span class='ocrx_word' id='word_1_382' title='bbox 677 3048 767 3080; x_wconf 91' lang='lat' dir='ltr'><strong>certe</strong></span> <span class='ocrx_word' id='word_1_383' title='bbox 793 3046 939 3089; x_wconf 87' lang='lat' dir='ltr'><strong>aliquam</strong></span> <span class='ocrx_word' id='word_1_384' title='bbox 959 3048 994 3079; x_wconf 90' lang='lat' dir='ltr'><strong>et</strong></span> <span class='ocrx_word' id='word_1_385' title='bbox 1020 3046 1196 3080; x_wconf 90' lang='lat' dir='ltr'><strong>motionem</strong></span> <span class='ocrx_word' id='word_1_386' title='bbox 1215 3047 1250 3080; x_wconf 93' lang='lat' dir='ltr'><strong>in</strong></span> 
     </span>
     <span class='ocr_line' id='line_1_60' title="bbox 174 3102 1248 3150; baseline -0.003 -9"><span class='ocrx_word' id='word_1_387' title='bbox 174 3102 335 3150; x_wconf 60' lang='lat' dir='ltr'><strong>&#39;&#39;eorpore</strong></span> <span class='ocrx_word' id='word_1_388' title='bbox 350 3114 427 3140; x_wconf 86' lang='lat' dir='ltr'><strong>cum</strong></span> <span class='ocrx_word' id='word_1_389' title='bbox 445 3105 586 3149; x_wconf 85' lang='lat' dir='ltr'><strong>propriis</strong></span> <span class='ocrx_word' id='word_1_390' title='bbox 598 3105 797 3148; x_wconf 86' lang='lat' dir='ltr'><strong>quibusdam</strong></span> <span class='ocrx_word' id='word_1_391' title='bbox 815 3105 1004 3139; x_wconf 83' lang='lat' dir='ltr'><strong>actionibus</strong></span> <span class='ocrx_word' id='word_1_392' title='bbox 1022 3105 1131 3139; x_wconf 90' lang='lat' dir='ltr'><strong>animo</strong></span> <span class='ocrx_word' id='word_1_393' title='bbox 1150 3106 1248 3139; x_wconf 91' lang='lat' dir='ltr'><strong>relin-</strong></span> 
     </span>
     <span class='ocr_line' id='line_1_61' title="bbox 140 3163 1249 3208; baseline -0.004 -6"><span class='ocrx_word' id='word_1_394' title='bbox 140 3199 142 3202; x_wconf 80' lang='grc'>,</span> <span class='ocrx_word' id='word_1_395' title='bbox 173 3164 315 3208; x_wconf 55' lang='lat' dir='ltr'><strong>‘qu-t·</strong></span> <span class='ocrx_word' id='word_1_396' title='bbox 343 3163 534 3198; x_wconf 80' lang='lat' dir='ltr'><strong>Aristoteles</strong></span> <span class='ocrx_word' id='word_1_397' title='bbox 565 3165 674 3198; x_wconf 87' lang='lat' dir='ltr'><strong>autem</strong></span> <span class='ocrx_word' id='word_1_398' title='bbox 686 3190 694 3204; x_wconf 93' lang='lat'>‚</span> <span class='ocrx_word' id='word_1_399' title='bbox 721 3173 789 3208; x_wconf 86' lang='lat' dir='ltr'><strong>quo</strong></span> <span class='ocrx_word' id='word_1_400' title='bbox 809 3163 1071 3206; x_wconf 78' lang='lat' dir='ltr'><strong>magnificentius</strong></span> <span class='ocrx_word' id='word_1_401' title='bbox 1102 3163 1249 3198; x_wconf 85' lang='lat' dir='ltr'><strong>animum</strong></span> 
     </span>
     <span class='ocr_line' id='line_1_62' title="bbox 162 3221 1250 3267; baseline -0.001 -10"><span class='ocrx_word' id='word_1_402' title='bbox 162 3223 174 3243; x_wconf 67' lang='lat'>²</span> <span class='ocrx_word' id='word_1_403' title='bbox 184 3221 296 3259; x_wconf 69' lang='lat' dir='ltr'><strong>‘Plato</strong></span> <span class='ocrx_word' id='word_1_404' title='bbox 315 3222 559 3267; x_wconf 70' lang='lat' dir='ltr'><strong>celebraverat,</strong></span> <span class='ocrx_word' id='word_1_405' title='bbox 587 3233 691 3265; x_wconf 88' lang='lat' dir='ltr'><strong>quum</strong></span> <span class='ocrx_word' id='word_1_406' title='bbox 709 3223 804 3256; x_wconf 91' lang='lat' dir='ltr'><strong>illum</strong></span> <span class='ocrx_word' id='word_1_407' title='bbox 832 3225 867 3256; x_wconf 90' lang='lat' dir='ltr'><strong>et</strong></span> <span class='ocrx_word' id='word_1_408' title='bbox 883 3225 979 3255; x_wconf 85' lang='lat' dir='ltr'><strong>ortus</strong></span> <span class='ocrx_word' id='word_1_409' title='bbox 1002 3222 1197 3265; x_wconf 85' lang='lat' dir='ltr'><strong>principium</strong></span> <span class='ocrx_word' id='word_1_410' title='bbox 1216 3225 1250 3258; x_wconf 90' lang='lat' dir='ltr'><strong>et</strong></span> 
     </span>
     <span class='ocr_line' id='line_1_63' title="bbox 170 3281 1250 3326; baseline -0.001 -9"><span class='ocrx_word' id='word_1_411' title='bbox 170 3292 187 3300; x_wconf 75' lang='lat'><strong>⁴·</strong></span> <span class='ocrx_word' id='word_1_412' title='bbox 198 3281 258 3318; x_wconf 64' lang='lat' dir='ltr'><strong>dai</strong></span> <span class='ocrx_word' id='word_1_413' title='bbox 270 3281 439 3318; x_wconf 65' lang='lat' dir='ltr'><strong>:hunnum</strong></span> <span class='ocrx_word' id='word_1_414' title='bbox 457 3285 491 3317; x_wconf 87' lang='lat' dir='ltr'><strong>et</strong></span> <span class='ocrx_word' id='word_1_415' title='bbox 505 3292 615 3316; x_wconf 89' lang='lat' dir='ltr'><strong>rerum</strong></span> <span class='ocrx_word' id='word_1_416' title='bbox 634 3283 780 3316; x_wconf 91' lang='lat' dir='ltr'><strong>omnium</strong></span> <span class='ocrx_word' id='word_1_417' title='bbox 798 3282 970 3326; x_wconf 79' lang='lat' dir='ltr'><strong>praesidem</strong></span> <span class='ocrx_word' id='word_1_418' title='bbox 986 3282 1166 3325; x_wconf 82' lang='lat' dir='ltr'><strong>appellaret</strong></span> <span class='ocrx_word' id='word_1_419' title='bbox 1188 3292 1250 3317; x_wconf 86' lang='lat' dir='ltr'><strong>:eo</strong></span> 
     </span>
    </p>

    <p class='ocr_par' dir='ltr' id='par_1_7' title="bbox 201 3341 1250 3386">
     <span class='ocr_line' id='line_1_64' title="bbox 201 3341 1250 3386; baseline 0.001 -10"><span class='ocrx_word' id='word_1_420' title='bbox 201 3341 308 3386; x_wconf 66' lang='lat' dir='ltr'><strong>magis</strong></span> <span class='ocrx_word' id='word_1_421' title='bbox 321 3341 500 3384; x_wconf 72' lang='lat' dir='ltr'><strong>contendit,</strong></span> <span class='ocrx_word' id='word_1_422' title='bbox 514 3343 553 3376; x_wconf 84' lang='lat' dir='ltr'><strong>ut</strong></span> <span class='ocrx_word' id='word_1_423' title='bbox 561 3351 638 3376; x_wconf 87' lang='lat' dir='ltr'><strong>eum</strong></span> <span class='ocrx_word' id='word_1_424' title='bbox 645 3342 804 3383; x_wconf 84' lang='lat' dir='ltr'><strong>abjiceret</strong></span> <span class='ocrx_word' id='word_1_425' title='bbox 818 3343 919 3383; x_wconf 88' lang='lat' dir='ltr'><strong>atque</strong></span> <span class='ocrx_word' id='word_1_426' title='bbox 929 3343 1171 3384; x_wconf 79' lang='lat' dir='ltr'><strong>aspernaretur,</strong></span> <span class='ocrx_word' id='word_1_427' title='bbox 1183 3342 1250 3377; x_wconf 87' lang='lat' dir='ltr'><strong>imo</strong></span> 
     </span>
    </p>

    <p class='ocr_par' dir='ltr' id='par_1_8' title="bbox 202 3401 1250 3446">
     <span class='ocr_line' id='line_1_65' title="bbox 202 3401 1250 3446; baseline 0 -11"><span class='ocrx_word' id='word_1_428' title='bbox 202 3408 284 3435; x_wconf 68' lang='lat' dir='ltr'><strong>vm</strong></span> <span class='ocrx_word' id='word_1_429' title='bbox 310 3401 394 3435; x_wconf 78' lang='lat' dir='ltr'><strong>nihil</strong></span> <span class='ocrx_word' id='word_1_430' title='bbox 421 3401 658 3446; x_wconf 82' lang='lat' dir='ltr'><strong>propemodum</strong></span> <span class='ocrx_word' id='word_1_431' title='bbox 681 3410 755 3435; x_wconf 80' lang='lat' dir='ltr'><strong>esee</strong></span> <span class='ocrx_word' id='word_1_432' title='bbox 776 3401 976 3434; x_wconf 81' lang='lat' dir='ltr'><strong>ostenderet.</strong></span> <span class='ocrx_word' id='word_1_433' title='bbox 1001 3401 1130 3444; x_wconf 86' lang='lat' dir='ltr'><strong>Quippe</strong></span> <span class='ocrx_word' id='word_1_434' title='bbox 1145 3411 1250 3446; x_wconf 89' lang='lat' dir='ltr'><strong>neque</strong></span> 
     </span>
    </p>

    <p class='ocr_par' dir='ltr' id='par_1_9' title="bbox 204 3458 1251 3505">
     <span class='ocr_line' id='line_1_66' title="bbox 204 3458 1251 3505; baseline 0.001 -10"><span class='ocrx_word' id='word_1_435' title='bbox 204 3458 356 3505; x_wconf 74' lang='lat' dir='ltr'><strong>spirltum</strong></span> <span class='ocrx_word' id='word_1_436' title='bbox 389 3461 481 3495; x_wconf 85' lang='lat' dir='ltr'><strong>illum</strong></span> <span class='ocrx_word' id='word_1_437' title='bbox 506 3471 578 3496; x_wconf 85' lang='lat' dir='ltr'><strong>esse</strong></span> <span class='ocrx_word' id='word_1_438' title='bbox 591 3487 599 3503; x_wconf 95' lang='lat'><strong>,</strong></span> <span class='ocrx_word' id='word_1_439' title='bbox 624 3470 730 3503; x_wconf 87' lang='lat' dir='ltr'><strong>neque</strong></span> <span class='ocrx_word' id='word_1_440' title='bbox 754 3461 860 3503; x_wconf 82' lang='lat' dir='ltr'><strong>ignem</strong></span> <span class='ocrx_word' id='word_1_441' title='bbox 873 3486 881 3501; x_wconf 85' lang='lat'><strong>,</strong></span> <span class='ocrx_word' id='word_1_442' title='bbox 899 3469 1005 3503; x_wconf 87' lang='lat' dir='ltr'><strong>neque</strong></span> <span class='ocrx_word' id='word_1_443' title='bbox 1030 3460 1166 3495; x_wconf 89' lang='lat' dir='ltr'><strong>omnino</strong></span> <span class='ocrx_word' id='word_1_444' title='bbox 1181 3471 1251 3496; x_wconf 76' lang='lat' dir='ltr'><strong>mr-</strong></span> 
     </span>
    </p>

    <p class='ocr_par' dir='ltr' id='par_1_10' title="bbox 203 3519 1249 3564">
     <span class='ocr_line' id='line_1_67' title="bbox 203 3519 1249 3564; baseline 0.001 -10"><span class='ocrx_word' id='word_1_445' title='bbox 203 3526 285 3563; x_wconf 65' lang='lat' dir='ltr'><strong>pm,</strong></span> <span class='ocrx_word' id='word_1_446' title='bbox 303 3519 370 3554; x_wconf 85' lang='lat' dir='ltr'><strong>imo</strong></span> <span class='ocrx_word' id='word_1_447' title='bbox 387 3528 447 3554; x_wconf 82' lang='lat' dir='ltr'><strong>nec</strong></span> <span class='ocrx_word' id='word_1_448' title='bbox 464 3521 564 3554; x_wconf 82' lang='lat' dir='ltr'><strong>etiam</strong></span> <span class='ocrx_word' id='word_1_449' title='bbox 581 3520 808 3563; x_wconf 88' lang='lat' dir='ltr'><strong>incorporeum</strong></span> <span class='ocrx_word' id='word_1_450' title='bbox 819 3545 827 3561; x_wconf 96' lang='lat'><strong>,</strong></span> <span class='ocrx_word' id='word_1_451' title='bbox 848 3520 896 3553; x_wconf 88' lang='lat' dir='ltr'><strong>sic</strong></span> <span class='ocrx_word' id='word_1_452' title='bbox 912 3519 1047 3562; x_wconf 82' lang='lat' dir='ltr'><strong>quidem</strong></span> <span class='ocrx_word' id='word_1_453' title='bbox 1063 3521 1102 3554; x_wconf 89' lang='lat' dir='ltr'><strong>ut</strong></span> <span class='ocrx_word' id='word_1_454' title='bbox 1120 3522 1191 3564; x_wconf 88' lang='lat' dir='ltr'><strong>ipse</strong></span> <span class='ocrx_word' id='word_1_455' title='bbox 1204 3522 1249 3555; x_wconf 89' lang='lat' dir='ltr'><strong>sit</strong></span> 
     </span>
    </p>
   </div>
   <div class='ocr_carea' id='block_1_5' title="bbox 0 3626 98 3788">
    <p class='ocr_par' dir='ltr' id='par_1_11' title="bbox 0 3626 98 3788">
     <span class='ocr_line' id='line_1_68' title="bbox 0 3626 98 3788; baseline 0 0"><span class='ocrx_word' id='word_1_456' title='bbox 0 3626 98 3788; x_wconf 95' lang='lat' dir='ltr'><strong> </strong></span> 
     </span>
    </p>
   </div>
   <div class='ocr_carea' id='block_1_6' title="bbox 1119 250 1453 293">
    <p class='ocr_par' dir='ltr' id='par_1_12' title="bbox 1119 250 1453 293">
     <span class='ocr_line' id='line_1_69' title="bbox 1119 250 1453 293; baseline 0.012 -4"><span class='ocrx_word' id='word_1_457' title='bbox 1119 250 1453 293; x_wconf 87' lang='lat' dir='ltr'><strong>FRAGMENTA.</strong></span> 
     </span>
    </p>
   </div>
   <div class='ocr_carea' id='block_1_7' title="bbox 136 331 2363 462">
    <p class='ocr_par' dir='ltr' id='par_1_13' title="bbox 136 331 2363 462">
     <span class='ocr_line' id='line_1_70' title="bbox 136 331 2363 401; baseline 0.013 -39"><span class='ocrx_word' id='word_1_458' title='bbox 136 331 173 373; x_wconf 56' lang='lat'><em>2³3.-</em></span> <span class='ocrx_word' id='word_1_459' title='bbox 189 331 380 390; x_wconf 52' lang='lat' dir='ltr'><strong>wezel.</strong></span> <span class='ocrx_word' id='word_1_460' title='bbox 402 333 575 387; x_wconf 82' lang='grc' dir='ltr'>νεανικόν,</span> <span class='ocrx_word' id='word_1_461' title='bbox 593 337 656 383; x_wconf 63' lang='grc' dir='ltr'>τῆς</span> <span class='ocrx_word' id='word_1_462' title='bbox 666 336 791 389; x_wconf 79' lang='grc' dir='ltr'>ἀρετῆς</span> <span class='ocrx_word' id='word_1_463' title='bbox 804 368 814 386; x_wconf 89' lang='grc'>,</span> <span class='ocrx_word' id='word_1_464' title='bbox 831 335 941 376; x_wconf 76' lang='grc' dir='ltr'>διὰτὸ</span> <span class='ocrx_word' id='word_1_465' title='bbox 957 339 1019 384; x_wconf 82' lang='grc' dir='ltr'>τ’ἥς</span> <span class='ocrx_word' id='word_1_466' title='bbox 1032 338 1146 390; x_wconf 70' lang='grc' dir='ltr'>ψυχῆς</span> <span class='ocrx_word' id='word_1_467' title='bbox 1160 342 1261 388; x_wconf 85' lang='grc' dir='ltr'>θεῖον,</span> <span class='ocrx_word' id='word_1_468' title='bbox 1320 355 1408 388; x_wconf 88' lang='grc' dir='ltr'>κησε</span> <span class='ocrx_word' id='word_1_469' title='bbox 1423 340 1440 365; x_wconf 71' lang='lat'><strong>¹³</strong></span> <span class='ocrx_word' id='word_1_470' title='bbox 1458 345 1615 382; x_wconf 77' lang='grc' dir='ltr'>καθελεῖν</span> <span class='ocrx_word' id='word_1_471' title='bbox 1636 353 1696 383; x_wconf 77' lang='grc' dir='ltr'><strong>καί</strong></span> <span class='ocrx_word' id='word_1_472' title='bbox 1716 346 1913 396; x_wconf 87' lang='grc' dir='ltr'>ἀτιμάσαι,</span> <span class='ocrx_word' id='word_1_473' title='bbox 1934 359 1994 386; x_wconf 80' lang='grc' dir='ltr'><strong>και</strong></span> <span class='ocrx_word' id='word_1_474' title='bbox 2014 351 2138 401; x_wconf 81' lang='grc' dir='ltr'>μικροῦ</span> <span class='ocrx_word' id='word_1_475' title='bbox 2161 349 2232 387; x_wconf 80' lang='grc' dir='ltr'>δεῖν</span> <span class='ocrx_word' id='word_1_476' title='bbox 2254 350 2363 400; x_wconf 70' lang='grc' dir='ltr'>μηδὲν</span> 
     </span>
     <span class='ocr_line' id='line_1_71' title="bbox 150 392 2362 462; baseline 0.007 -31"><span class='ocrx_word' id='word_1_477' title='bbox 150 403 161 408; x_wconf 77' lang='grc'><strong>”</strong></span> <span class='ocrx_word' id='word_1_478' title='bbox 348 392 560 441; x_wconf 83' lang='grc' dir='ltr'>δυνηθείσης·</span> <span class='ocrx_word' id='word_1_479' title='bbox 578 394 622 432; x_wconf 87' lang='grc' dir='ltr'>τά</span> <span class='ocrx_word' id='word_1_480' title='bbox 643 410 682 434; x_wconf 81' lang='grc' dir='ltr'><strong>τε</strong></span> <span class='ocrx_word' id='word_1_481' title='bbox 701 399 763 444; x_wconf 76' lang='grc' dir='ltr'>τῆς</span> <span class='ocrx_word' id='word_1_482' title='bbox 782 396 915 451; x_wconf 79' lang='grc' dir='ltr'>φύσεως</span> <span class='ocrx_word' id='word_1_483' title='bbox 927 394 1122 448; x_wconf 88' lang='grc' dir='ltr'>πράγματα</span> <span class='ocrx_word' id='word_1_484' title='bbox 1133 397 1260 446; x_wconf 85' lang='grc' dir='ltr'>πάντα,</span> <span class='ocrx_word' id='word_1_485' title='bbox 1321 401 1498 453; x_wconf 74' lang='grc' dir='ltr'>ἀποφῆναι</span> <span class='ocrx_word' id='word_1_486' title='bbox 1518 402 1580 448; x_wconf 72' lang='grc' dir='ltr'><strong>τὴν</strong></span> <span class='ocrx_word' id='word_1_487' title='bbox 1607 403 1736 456; x_wconf 82' lang='grc' dir='ltr'>ψυχήν.</span> <span class='ocrx_word' id='word_1_488' title='bbox 1757 405 1852 444; x_wconf 86' lang='grc' dir='ltr'>Οὔτε</span> <span class='ocrx_word' id='word_1_489' title='bbox 1881 406 1948 459; x_wconf 86' lang='grc' dir='ltr'>γὰρ</span> <span class='ocrx_word' id='word_1_490' title='bbox 1965 411 2102 458; x_wconf 85' lang='grc' dir='ltr'>πνεῦμα</span> <span class='ocrx_word' id='word_1_491' title='bbox 2121 411 2149 455; x_wconf 73' lang='lat'><strong>⁶,</strong></span> <span class='ocrx_word' id='word_1_492' title='bbox 2169 407 2246 446; x_wconf 81' lang='grc' dir='ltr'>οὔτε</span> <span class='ocrx_word' id='word_1_493' title='bbox 2276 412 2362 462; x_wconf 86' lang='grc' dir='ltr'>πῦρ,</span> 
     </span>
    </p>
   </div>
   <div class='ocr_carea' id='block_1_8' title="bbox 2287 262 2364 305">
    <p class='ocr_par' dir='ltr' id='par_1_14' title="bbox 2287 262 2364 305">
     <span class='ocr_line' id='line_1_72' title="bbox 2287 262 2364 305; baseline 0.026 -3"><span class='ocrx_word' id='word_1_494' title='bbox 2287 262 2364 305; x_wconf 67' lang='lat' dir='ltr'><strong>iffi}</strong></span> 
     </span>
    </p>
   </div>
   <div class='ocr_carea' id='block_1_9' title="bbox 1312 457 2366 1817">
    <p class='ocr_par' dir='ltr' id='par_1_15' title="bbox 1312 457 2366 1817">
     <span class='ocr_line' id='line_1_73' title="bbox 1320 457 2363 521; baseline 0.009 -24"><span class='ocrx_word' id='word_1_495' title='bbox 1320 457 1398 498; x_wconf 63' lang='grc' dir='ltr'>οὔτε</span> <span class='ocrx_word' id='word_1_496' title='bbox 1412 460 1500 504; x_wconf 80' lang='grc' dir='ltr'>ὅλως</span> <span class='ocrx_word' id='word_1_497' title='bbox 1511 463 1630 511; x_wconf 83' lang='grc' dir='ltr'>σῶμα,</span> <span class='ocrx_word' id='word_1_498' title='bbox 1652 463 1731 501; x_wconf 81' lang='grc' dir='ltr'>ἀλλ’</span> <span class='ocrx_word' id='word_1_499' title='bbox 1752 464 1828 502; x_wconf 79' lang='grc' dir='ltr'>οὐδὲ</span> <span class='ocrx_word' id='word_1_500' title='bbox 1842 465 2047 519; x_wconf 79' lang='grc' dir='ltr'>ἀσώματον,</span> <span class='ocrx_word' id='word_1_501' title='bbox 2067 460 2136 505; x_wconf 71' lang='grc' dir='ltr'>οἷον</span> <span class='ocrx_word' id='word_1_502' title='bbox 2155 461 2242 505; x_wconf 69' lang='grc' dir='ltr'>εἶναί</span> <span class='ocrx_word' id='word_1_503' title='bbox 2257 483 2295 506; x_wconf 90' lang='grc' dir='ltr'><strong>τε</strong></span> <span class='ocrx_word' id='word_1_504' title='bbox 2311 467 2363 521; x_wconf 80' lang='grc' dir='ltr'><strong>ἐφ’</strong></span> 
     </span>
     <span class='ocr_line' id='line_1_74' title="bbox 1319 519 2362 578; baseline 0.011 -23"><span class='ocrx_word' id='word_1_505' title='bbox 1319 520 1442 557; x_wconf 85' lang='grc' dir='ltr'>ἑαυτοῦ</span> <span class='ocrx_word' id='word_1_506' title='bbox 1464 519 1523 558; x_wconf 77' lang='grc' dir='ltr'><strong>καὶ</strong></span> <span class='ocrx_word' id='word_1_507' title='bbox 1539 525 1723 570; x_wconf 77' lang='grc' dir='ltr'>κινεῖσθαι,</span> <span class='ocrx_word' id='word_1_508' title='bbox 1741 524 1819 561; x_wconf 84' lang='grc' dir='ltr'>ἀλλ’</span> <span class='ocrx_word' id='word_1_509' title='bbox 1841 525 1910 562; x_wconf 81' lang='grc' dir='ltr'>οὐδ’</span> <span class='ocrx_word' id='word_1_510' title='bbox 1933 523 2013 564; x_wconf 76' lang='grc' dir='ltr'>ὅσον</span> <span class='ocrx_word' id='word_1_511' title='bbox 2031 526 2088 566; x_wconf 79' lang='grc' dir='ltr'>ἐπὶ</span> <span class='ocrx_word' id='word_1_512' title='bbox 2109 530 2169 565; x_wconf 88' lang='grc' dir='ltr'><strong>τοῦ</strong></span> <span class='ocrx_word' id='word_1_513' title='bbox 2190 526 2362 578; x_wconf 72' lang='grc' dir='ltr'>σώματος’</span> 
     </span>
     <span class='ocr_line' id='line_1_75' title="bbox 1317 575 2361 638; baseline 0.011 -24"><span class='ocrx_word' id='word_1_514' title='bbox 1317 575 1494 626; x_wconf 80' lang='grc' dir='ltr'>ἀκίνητον,</span> <span class='ocrx_word' id='word_1_515' title='bbox 1513 580 1572 617; x_wconf 78' lang='grc' dir='ltr'><strong>καὶ</strong></span> <span class='ocrx_word' id='word_1_516' title='bbox 1599 582 1645 624; x_wconf 87' lang='grc' dir='ltr'>ὡς</span> <span class='ocrx_word' id='word_1_517' title='bbox 1661 581 1767 619; x_wconf 79' lang='grc' dir='ltr'>εἰπεῖν</span> <span class='ocrx_word' id='word_1_518' title='bbox 1787 582 1937 636; x_wconf 82' lang='grc' dir='ltr'>ἄψυχον.</span> <span class='ocrx_word' id='word_1_519' title='bbox 1962 579 2048 624; x_wconf 77' lang='grc' dir='ltr'>Οἷον</span> <span class='ocrx_word' id='word_1_520' title='bbox 2073 585 2140 638; x_wconf 83' lang='grc' dir='ltr'>γὰρ</span> <span class='ocrx_word' id='word_1_521' title='bbox 2161 585 2240 625; x_wconf 83' lang='grc' dir='ltr'>τόδε</span> <span class='ocrx_word' id='word_1_522' title='bbox 2266 587 2361 625; x_wconf 82' lang='grc' dir='ltr'>ἐτόλ-</span> 
     </span>
     <span class='ocr_line' id='line_1_76' title="bbox 1319 636 2361 698; baseline 0.01 -24"><span class='ocrx_word' id='word_1_523' title='bbox 1319 651 1445 687; x_wconf 91' lang='grc' dir='ltr'>μησεν,</span> <span class='ocrx_word' id='word_1_524' title='bbox 1470 636 1493 684; x_wconf 82' lang='grc' dir='ltr'>ἢ</span> <span class='ocrx_word' id='word_1_525' title='bbox 1511 637 1571 676; x_wconf 78' lang='grc' dir='ltr'><strong>καὶ</strong></span> <span class='ocrx_word' id='word_1_526' title='bbox 1589 640 1844 692; x_wconf 84' lang='grc' dir='ltr'>ἀπηναγκάσθη</span> <span class='ocrx_word' id='word_1_527' title='bbox 1858 672 1869 691; x_wconf 84' lang='lat'><strong>,</strong></span> <span class='ocrx_word' id='word_1_528' title='bbox 1890 645 1936 686; x_wconf 83' lang='grc' dir='ltr'>ὡς</span> <span class='ocrx_word' id='word_1_529' title='bbox 1952 643 2012 682; x_wconf 75' lang='grc' dir='ltr'><strong>καὶ</strong></span> <span class='ocrx_word' id='word_1_530' title='bbox 2035 643 2095 687; x_wconf 82' lang='grc' dir='ltr'><strong>τὰς</strong></span> <span class='ocrx_word' id='word_1_531' title='bbox 2121 644 2361 698; x_wconf 80' lang='grc' dir='ltr'>πρωτουργοὺς</span> 
     </span>
     <span class='ocr_line' id='line_1_77' title="bbox 1317 693 2364 754; baseline 0.01 -22"><span class='ocrx_word' id='word_1_532' title='bbox 1317 694 1468 742; x_wconf 82' lang='grc' dir='ltr'>κινήσεις</span> <span class='ocrx_word' id='word_1_533' title='bbox 1490 693 1508 719; x_wconf 81' lang='lat'><strong>⁴¹</strong></span> <span class='ocrx_word' id='word_1_534' title='bbox 1538 697 1725 750; x_wconf 73' lang='grc' dir='ltr'>ἀφελέσθαι</span> <span class='ocrx_word' id='word_1_535' title='bbox 1744 702 1806 745; x_wconf 79' lang='grc' dir='ltr'>τ’ἧς</span> <span class='ocrx_word' id='word_1_536' title='bbox 1825 702 1953 753; x_wconf 75' lang='grc' dir='ltr'>ψυχῆς,</span> <span class='ocrx_word' id='word_1_537' title='bbox 1973 702 2013 740; x_wconf 85' lang='grc' dir='ltr'>τὸ</span> <span class='ocrx_word' id='word_1_538' title='bbox 2033 703 2302 754; x_wconf 78' lang='grc' dir='ltr'>βουλεύσασθαι,</span> <span class='ocrx_word' id='word_1_539' title='bbox 2325 705 2364 742; x_wconf 85' lang='grc' dir='ltr'>τὸ</span> 
     </span>
     <span class='ocr_line' id='line_1_78' title="bbox 1317 754 2364 814; baseline 0.009 -23"><span class='ocrx_word' id='word_1_540' title='bbox 1317 754 1552 804; x_wconf 69' lang='grc' dir='ltr'>διανοηθῆναι,</span> <span class='ocrx_word' id='word_1_541' title='bbox 1568 756 1608 795; x_wconf 85' lang='grc' dir='ltr'>τὸ</span> <span class='ocrx_word' id='word_1_542' title='bbox 1621 758 1872 810; x_wconf 77' lang='grc' dir='ltr'>προσδοκῆσαι,</span> <span class='ocrx_word' id='word_1_543' title='bbox 1887 760 1927 798; x_wconf 84' lang='grc' dir='ltr'>τὸ</span> <span class='ocrx_word' id='word_1_544' title='bbox 1944 764 2197 811; x_wconf 87' lang='grc' dir='ltr'>μνημονεῦσαι,</span> <span class='ocrx_word' id='word_1_545' title='bbox 2216 762 2254 800; x_wconf 84' lang='grc' dir='ltr'>τὸ</span> <span class='ocrx_word' id='word_1_546' title='bbox 2270 763 2364 814; x_wconf 90' lang='grc' dir='ltr'>λογί-</span> 
     </span>
     <span class='ocr_line' id='line_1_79' title="bbox 1315 815 2359 871; baseline 0.01 -20"><span class='ocrx_word' id='word_1_547' title='bbox 1315 817 1464 862; x_wconf 73' lang='grc' dir='ltr'>σασθαις</span> <span class='ocrx_word' id='word_1_548' title='bbox 1483 816 1537 854; x_wconf 83' lang='grc' dir='ltr'><strong>Οὐ</strong></span> <span class='ocrx_word' id='word_1_549' title='bbox 1554 815 1621 868; x_wconf 86' lang='grc' dir='ltr'>γὰρ</span> <span class='ocrx_word' id='word_1_550' title='bbox 1640 819 1757 870; x_wconf 37' lang='grc' dir='ltr'>ψυχῆς</span> <span class='ocrx_word' id='word_1_551' title='bbox 1775 817 1887 856; x_wconf 85' lang='grc' dir='ltr'>ταῦτά</span> <span class='ocrx_word' id='word_1_552' title='bbox 1906 820 1979 858; x_wconf 84' lang='grc' dir='ltr'>ἐστι</span> <span class='ocrx_word' id='word_1_553' title='bbox 1996 819 2041 859; x_wconf 77' lang='grc' dir='ltr'>τὰ</span> <span class='ocrx_word' id='word_1_554' title='bbox 2055 820 2252 871; x_wconf 74' lang='grc' dir='ltr'>κινήματα,</span> <span class='ocrx_word' id='word_1_555' title='bbox 2274 825 2291 860; x_wconf 82' lang='grc' dir='ltr'><strong><em>ὃ</em></strong></span> <span class='ocrx_word' id='word_1_556' title='bbox 2304 825 2359 868; x_wconf 77' lang='grc' dir='ltr'>τ’ἥς</span> 
     </span>
     <span class='ocr_line' id='line_1_80' title="bbox 1315 872 2363 931; baseline 0.009 -20"><span class='ocrx_word' id='word_1_557' title='bbox 1315 872 1449 925; x_wconf 76' lang='grc' dir='ltr'>φύσεώς</span> <span class='ocrx_word' id='word_1_558' title='bbox 1458 889 1542 927; x_wconf 77' lang='grc' dir='ltr'>φησι</span> <span class='ocrx_word' id='word_1_559' title='bbox 1553 876 1796 927; x_wconf 84' lang='grc' dir='ltr'>γραμματεύς.</span> <span class='ocrx_word' id='word_1_560' title='bbox 1811 877 1912 915; x_wconf 81' lang='grc' dir='ltr'>Πάνυ</span> <span class='ocrx_word' id='word_1_561' title='bbox 1923 882 2003 931; x_wconf 87' lang='grc' dir='ltr'>γοῦν</span> <span class='ocrx_word' id='word_1_562' title='bbox 2021 873 2117 922; x_wconf 71' lang='grc' dir='ltr'>οῧτός</span> <span class='ocrx_word' id='word_1_563' title='bbox 2138 882 2211 919; x_wconf 81' lang='grc' dir='ltr'>ἐστι</span> <span class='ocrx_word' id='word_1_564' title='bbox 2227 888 2363 929; x_wconf 81' lang='grc' dir='ltr'>πιστός,</span> 
     </span>
     <span class='ocr_line' id='line_1_81' title="bbox 1314 932 2365 991; baseline 0.007 -21"><span class='ocrx_word' id='word_1_565' title='bbox 1314 933 1362 977; x_wconf 81' lang='grc' dir='ltr'>ὥς</span> <span class='ocrx_word' id='word_1_566' title='bbox 1373 932 1502 978; x_wconf 65' lang='grc' dir='ltr'>συνῆκέ</span> <span class='ocrx_word' id='word_1_567' title='bbox 1519 934 1637 987; x_wconf 78' lang='grc' dir='ltr'>τιπερὶ</span> <span class='ocrx_word' id='word_1_568' title='bbox 1653 937 1720 973; x_wconf 86' lang='grc' dir='ltr'><strong>τῶν</strong></span> <span class='ocrx_word' id='word_1_569' title='bbox 1738 936 1849 984; x_wconf 81' lang='grc' dir='ltr'>ἐκτός,</span> <span class='ocrx_word' id='word_1_570' title='bbox 1872 939 1965 984; x_wconf 74' lang='grc' dir='ltr'>ὁτῆς</span> <span class='ocrx_word' id='word_1_571' title='bbox 1984 941 2089 975; x_wconf 74' lang='grc' dir='ltr'>αὑτοῦ</span> <span class='ocrx_word' id='word_1_572' title='bbox 2109 940 2223 991; x_wconf 78' lang='grc' dir='ltr'>ψυχῆς</span> <span class='ocrx_word' id='word_1_573' title='bbox 2241 939 2365 979; x_wconf 85' lang='grc' dir='ltr'>τοσόῦ-</span> 
     </span>
     <span class='ocr_line' id='line_1_82' title="bbox 1314 993 2360 1049; baseline 0.007 -20"><span class='ocrx_word' id='word_1_574' title='bbox 1314 1006 1372 1030; x_wconf 86' lang='grc' dir='ltr'><strong>τον</strong></span> <span class='ocrx_word' id='word_1_575' title='bbox 1393 993 1668 1044; x_wconf 82' lang='grc' dir='ltr'>διημαρτηκώς,</span> <span class='ocrx_word' id='word_1_576' title='bbox 1691 996 1736 1037; x_wconf 82' lang='grc' dir='ltr'>ὡς</span> <span class='ocrx_word' id='word_1_577' title='bbox 1754 996 1836 1044; x_wconf 86' lang='grc' dir='ltr'>μηδ’</span> <span class='ocrx_word' id='word_1_578' title='bbox 1860 995 1912 1033; x_wconf 81' lang='grc' dir='ltr'><strong>ὅτι</strong></span> <span class='ocrx_word' id='word_1_579' title='bbox 1932 997 2120 1034; x_wconf 81' lang='grc' dir='ltr'>διανοεῖται</span> <span class='ocrx_word' id='word_1_580' title='bbox 2141 1000 2360 1049; x_wconf 85' lang='grc' dir='ltr'>παρακολου-</span> 
     </span>
     <span class='ocr_line' id='line_1_83' title="bbox 1314 1050 2362 1108; baseline 0.008 -21"><span class='ocrx_word' id='word_1_581' title='bbox 1314 1051 1398 1091; x_wconf 83' lang='grc' dir='ltr'>θεῖν.</span> <span class='ocrx_word' id='word_1_582' title='bbox 1433 1051 1488 1091; x_wconf 78' lang='grc' dir='ltr'><strong>Οὖ</strong></span> <span class='ocrx_word' id='word_1_583' title='bbox 1508 1050 1612 1104; x_wconf 84' lang='grc' dir='ltr'><strong>γὰρὴ</strong></span> <span class='ocrx_word' id='word_1_584' title='bbox 1634 1051 1757 1105; x_wconf 81' lang='grc' dir='ltr'>ψυχή,</span> <span class='ocrx_word' id='word_1_585' title='bbox 1776 1052 1904 1106; x_wconf 79' lang='grc' dir='ltr'>φησίν,</span> <span class='ocrx_word' id='word_1_586' title='bbox 1923 1054 2002 1092; x_wconf 88' lang='grc' dir='ltr'>ἀλλ’</span> <span class='ocrx_word' id='word_1_587' title='bbox 2025 1058 2042 1092; x_wconf 84' lang='grc' dir='ltr'>ὁ</span> <span class='ocrx_word' id='word_1_588' title='bbox 2066 1055 2246 1108; x_wconf 83' lang='grc' dir='ltr'>ἄνθρωπός</span> <span class='ocrx_word' id='word_1_589' title='bbox 2269 1059 2362 1095; x_wconf 84' lang='grc' dir='ltr'>ἐστιν</span> 
     </span>
     <span class='ocr_line' id='line_1_84' title="bbox 1312 1109 2364 1166; baseline 0.004 -16"><span class='ocrx_word' id='word_1_590' title='bbox 1312 1112 1331 1150; x_wconf 82' lang='grc' dir='ltr'>ὁ</span> <span class='ocrx_word' id='word_1_591' title='bbox 1353 1109 1483 1149; x_wconf 86' lang='grc' dir='ltr'>τούτων</span> <span class='ocrx_word' id='word_1_592' title='bbox 1501 1111 1645 1151; x_wconf 70' lang='grc' dir='ltr'>ἕκαστον</span> <span class='ocrx_word' id='word_1_593' title='bbox 1669 1114 1814 1164; x_wconf 80' lang='grc' dir='ltr'>ἐνεργῶν</span> <span class='ocrx_word' id='word_1_594' title='bbox 1827 1142 1837 1161; x_wconf 91' lang='grc'>,</span> <span class='ocrx_word' id='word_1_595' title='bbox 1856 1115 1879 1160; x_wconf 79' lang='grc' dir='ltr'>ἡ</span> <span class='ocrx_word' id='word_1_596' title='bbox 1897 1113 1993 1166; x_wconf 80' lang='grc' dir='ltr'>ψυχὴ</span> <span class='ocrx_word' id='word_1_597' title='bbox 2017 1113 2053 1153; x_wconf 81' lang='grc' dir='ltr'><strong>δὲ</strong></span> <span class='ocrx_word' id='word_1_598' title='bbox 2073 1114 2248 1162; x_wconf 82' lang='grc' dir='ltr'>ἀκίνητος.</span> <span class='ocrx_word' id='word_1_599' title='bbox 2270 1117 2364 1155; x_wconf 69' lang='grc' dir='ltr'>Τού-</span> 
     </span>
     <span class='ocr_line' id='line_1_85' title="bbox 1313 1171 2363 1225; baseline 0.006 -17"><span class='ocrx_word' id='word_1_600' title='bbox 1313 1186 1364 1223; x_wconf 84' lang='grc' dir='ltr'>τῳ</span> <span class='ocrx_word' id='word_1_601' title='bbox 1384 1174 1567 1222; x_wconf 78' lang='grc' dir='ltr'>τοιγαροῦν</span> <span class='ocrx_word' id='word_1_602' title='bbox 1591 1171 1755 1222; x_wconf 75' lang='grc' dir='ltr'>ἑπόμενος</span> <span class='ocrx_word' id='word_1_603' title='bbox 1770 1173 1986 1225; x_wconf 84' lang='grc' dir='ltr'>Δικαίαρχος</span> <span class='ocrx_word' id='word_1_604' title='bbox 2002 1176 2029 1220; x_wconf 62' lang='lat' dir='ltr'><strong>e,</strong></span> <span class='ocrx_word' id='word_1_605' title='bbox 2043 1173 2102 1211; x_wconf 84' lang='grc' dir='ltr'><strong>καὶ</strong></span> <span class='ocrx_word' id='word_1_606' title='bbox 2123 1175 2200 1212; x_wconf 89' lang='grc' dir='ltr'>κατ’</span> <span class='ocrx_word' id='word_1_607' title='bbox 2218 1174 2363 1214; x_wconf 89' lang='grc' dir='ltr'>ἀκόλου-</span> 
     </span>
     <span class='ocr_line' id='line_1_86' title="bbox 1315 1227 2365 1284; baseline 0.004 -16"><span class='ocrx_word' id='word_1_608' title='bbox 1315 1232 1373 1268; x_wconf 83' lang='grc' dir='ltr'><strong>θον</strong></span> <span class='ocrx_word' id='word_1_609' title='bbox 1392 1229 1508 1274; x_wconf 82' lang='grc' dir='ltr'>ἱκανὸς</span> <span class='ocrx_word' id='word_1_610' title='bbox 1528 1227 1577 1268; x_wconf 75' lang='grc' dir='ltr'><strong>ὢν</strong></span> <span class='ocrx_word' id='word_1_611' title='bbox 1598 1233 1738 1283; x_wconf 80' lang='grc' dir='ltr'>θεωρεῖν</span> <span class='ocrx_word' id='word_1_612' title='bbox 1752 1260 1762 1278; x_wconf 93' lang='grc'>,</span> <span class='ocrx_word' id='word_1_613' title='bbox 1798 1231 1958 1284; x_wconf 79' lang='grc' dir='ltr'>ἀνῄρηκε</span> <span class='ocrx_word' id='word_1_614' title='bbox 1985 1231 2051 1278; x_wconf 80' lang='grc' dir='ltr'><strong>τὴν</strong></span> <span class='ocrx_word' id='word_1_615' title='bbox 2070 1230 2156 1280; x_wconf 80' lang='grc' dir='ltr'>ὅλην</span> <span class='ocrx_word' id='word_1_616' title='bbox 2175 1234 2365 1272; x_wconf 82' lang='grc' dir='ltr'>ὑπόστασιν</span> 
     </span>
     <span class='ocr_line' id='line_1_87' title="bbox 1312 1287 2363 1345; baseline 0.002 -18"><span class='ocrx_word' id='word_1_617' title='bbox 1312 1290 1374 1334; x_wconf 75' lang='grc' dir='ltr'><strong>τῆς</strong></span> <span class='ocrx_word' id='word_1_618' title='bbox 1395 1290 1526 1343; x_wconf 71' lang='grc' dir='ltr'>ψυχῆς.</span> <span class='ocrx_word' id='word_1_619' title='bbox 1544 1287 1632 1328; x_wconf 86' lang='grc' dir='ltr'><strong>Ὅτι</strong></span> <span class='ocrx_word' id='word_1_620' title='bbox 1648 1289 1713 1340; x_wconf 85' lang='grc' dir='ltr'><strong>μὲν</strong></span> <span class='ocrx_word' id='word_1_621' title='bbox 1731 1289 1797 1341; x_wconf 85' lang='grc' dir='ltr'>γὰρ</span> <span class='ocrx_word' id='word_1_622' title='bbox 1817 1289 1963 1342; x_wconf 87' lang='grc' dir='ltr'>ἀόρατόν</span> <span class='ocrx_word' id='word_1_623' title='bbox 1986 1306 2018 1328; x_wconf 83' lang='grc' dir='ltr'><strong>τι</strong></span> <span class='ocrx_word' id='word_1_624' title='bbox 2042 1290 2102 1329; x_wconf 88' lang='grc' dir='ltr'><strong>καὶ</strong></span> <span class='ocrx_word' id='word_1_625' title='bbox 2125 1290 2255 1345; x_wconf 84' lang='grc' dir='ltr'>ἀφανές</span> <span class='ocrx_word' id='word_1_626' title='bbox 2270 1295 2363 1331; x_wconf 85' lang='grc' dir='ltr'>ἐστιν</span> 
     </span>
     <span class='ocr_line' id='line_1_88' title="bbox 1313 1348 2363 1402; baseline 0.005 -16"><span class='ocrx_word' id='word_1_627' title='bbox 1313 1352 1335 1397; x_wconf 85' lang='grc' dir='ltr'>ἡ</span> <span class='ocrx_word' id='word_1_628' title='bbox 1354 1348 1470 1402; x_wconf 84' lang='grc' dir='ltr'>ψυχή,</span> <span class='ocrx_word' id='word_1_629' title='bbox 1493 1349 1609 1395; x_wconf 79' lang='grc' dir='ltr'>δῆλον·</span> <span class='ocrx_word' id='word_1_630' title='bbox 1631 1348 1722 1388; x_wconf 81' lang='grc' dir='ltr'>ὥστε</span> <span class='ocrx_word' id='word_1_631' title='bbox 1745 1349 1808 1387; x_wconf 75' lang='grc' dir='ltr'><strong>οὐκ</strong></span> <span class='ocrx_word' id='word_1_632' title='bbox 1836 1348 1877 1388; x_wconf 79' lang='grc' dir='ltr'><strong>ἂν</strong></span> <span class='ocrx_word' id='word_1_633' title='bbox 1910 1349 1968 1388; x_wconf 86' lang='grc' dir='ltr'><strong>διά</strong></span> <span class='ocrx_word' id='word_1_634' title='bbox 1987 1365 2026 1401; x_wconf 91' lang='grc' dir='ltr'>γε</span> <span class='ocrx_word' id='word_1_635' title='bbox 2043 1349 2105 1397; x_wconf 83' lang='grc' dir='ltr'><strong>τὴν</strong></span> <span class='ocrx_word' id='word_1_636' title='bbox 2129 1351 2198 1389; x_wconf 87' lang='grc' dir='ltr'><strong>ἀπὸ</strong></span> <span class='ocrx_word' id='word_1_637' title='bbox 2217 1354 2285 1389; x_wconf 83' lang='grc' dir='ltr'><strong>τῶν</strong></span> <span class='ocrx_word' id='word_1_638' title='bbox 2306 1354 2363 1391; x_wconf 81' lang='grc' dir='ltr'><strong>αἰ·</strong></span> 
     </span>
     <span class='ocr_line' id='line_1_89' title="bbox 1317 1401 2366 1462; baseline 0.002 -14"><span class='ocrx_word' id='word_1_639' title='bbox 1317 1409 1473 1455; x_wconf 80' lang='grc' dir='ltr'>σθήσεων</span> <span class='ocrx_word' id='word_1_640' title='bbox 1490 1407 1663 1459; x_wconf 81' lang='grc' dir='ltr'>ἐνέργειαν</span> <span class='ocrx_word' id='word_1_641' title='bbox 1682 1408 1825 1458; x_wconf 84' lang='grc' dir='ltr'>δοίημεν</span> <span class='ocrx_word' id='word_1_642' title='bbox 1842 1401 2068 1462; x_wconf 70' lang='grc' dir='ltr'>εἷναιψυχήν.</span> <span class='ocrx_word' id='word_1_643' title='bbox 2089 1413 2134 1449; x_wconf 83' lang='grc' dir='ltr'><strong>Αἱ</strong></span> <span class='ocrx_word' id='word_1_644' title='bbox 2155 1410 2190 1448; x_wconf 82' lang='grc' dir='ltr'><strong>δὲ</strong></span> <span class='ocrx_word' id='word_1_645' title='bbox 2215 1411 2366 1459; x_wconf 77' lang='grc' dir='ltr'>κινήσεις</span> 
     </span>
     <span class='ocr_line' id='line_1_90' title="bbox 1314 1464 2365 1521; baseline 0.005 -17"><span class='ocrx_word' id='word_1_646' title='bbox 1314 1468 1424 1514; x_wconf 76' lang='grc' dir='ltr'>αὐτῆς</span> <span class='ocrx_word' id='word_1_647' title='bbox 1439 1470 1593 1521; x_wconf 79' lang='grc' dir='ltr'>ἀφανοῦς</span> <span class='ocrx_word' id='word_1_648' title='bbox 1614 1470 1719 1515; x_wconf 83' lang='grc' dir='ltr'>οὔσης</span> <span class='ocrx_word' id='word_1_649' title='bbox 1735 1497 1744 1514; x_wconf 91' lang='grc'>,</span> <span class='ocrx_word' id='word_1_650' title='bbox 1769 1469 1976 1519; x_wconf 85' lang='grc' dir='ltr'>ἀναγκάζειν</span> <span class='ocrx_word' id='word_1_651' title='bbox 1994 1472 2087 1519; x_wconf 76' lang='grc' dir='ltr'>ἡμᾶς</span> <span class='ocrx_word' id='word_1_652' title='bbox 2102 1470 2260 1508; x_wconf 64' lang='grc' dir='ltr'>δοκοῦσιν</span> <span class='ocrx_word' id='word_1_653' title='bbox 2276 1464 2365 1509; x_wconf 69' lang='grc' dir='ltr'>εἷναί</span> 
     </span>
     <span class='ocr_line' id='line_1_91' title="bbox 1314 1523 2364 1580; baseline 0.003 -16"><span class='ocrx_word' id='word_1_654' title='bbox 1314 1542 1347 1564; x_wconf 84' lang='grc' dir='ltr'><strong>τι</strong></span> <span class='ocrx_word' id='word_1_655' title='bbox 1366 1525 1428 1573; x_wconf 81' lang='grc' dir='ltr'><strong>τὴν</strong></span> <span class='ocrx_word' id='word_1_656' title='bbox 1447 1523 1564 1579; x_wconf 76' lang='grc' dir='ltr'>ψυχὴν</span> <span class='ocrx_word' id='word_1_657' title='bbox 1584 1527 1782 1577; x_wconf 83' lang='grc' dir='ltr'>ὁμολογεῖν.</span> <span class='ocrx_word' id='word_1_658' title='bbox 1797 1529 1924 1566; x_wconf 88' lang='grc' dir='ltr'>Ταῦτα</span> <span class='ocrx_word' id='word_1_659' title='bbox 1948 1526 2017 1580; x_wconf 81' lang='grc' dir='ltr'>γὰρ</span> <span class='ocrx_word' id='word_1_660' title='bbox 2034 1527 2126 1572; x_wconf 83' lang='grc' dir='ltr'>ἅπας</span> <span class='ocrx_word' id='word_1_661' title='bbox 2142 1543 2193 1572; x_wconf 85' lang='grc' dir='ltr'><strong>τις</strong></span> <span class='ocrx_word' id='word_1_662' title='bbox 2214 1530 2364 1568; x_wconf 86' lang='grc' dir='ltr'>συνιέναι</span> 
     </span>
     <span class='ocr_line' id='line_1_92' title="bbox 1314 1583 2365 1638; baseline 0.005 -16"><span class='ocrx_word' id='word_1_663' title='bbox 1314 1585 1406 1624; x_wconf 81' lang='grc' dir='ltr'>δοκεῖ</span> <span class='ocrx_word' id='word_1_664' title='bbox 1424 1587 1487 1630; x_wconf 75' lang='grc' dir='ltr'><strong>τῆς</strong></span> <span class='ocrx_word' id='word_1_665' title='bbox 1505 1586 1626 1638; x_wconf 73' lang='grc' dir='ltr'>ψυχῆς</span> <span class='ocrx_word' id='word_1_666' title='bbox 1648 1583 1752 1633; x_wconf 82' lang='grc' dir='ltr'>ὄντα,</span> <span class='ocrx_word' id='word_1_667' title='bbox 1772 1584 1811 1623; x_wconf 80' lang='grc' dir='ltr'>τὸ</span> <span class='ocrx_word' id='word_1_668' title='bbox 1833 1585 2058 1638; x_wconf 87' lang='grc' dir='ltr'>βουλεύεσθαι</span> <span class='ocrx_word' id='word_1_669' title='bbox 2080 1586 2140 1625; x_wconf 77' lang='grc' dir='ltr'><strong>καὶ</strong></span> <span class='ocrx_word' id='word_1_670' title='bbox 2162 1587 2365 1627; x_wconf 80' lang='grc' dir='ltr'>σκοπεῖσθαι</span> 
     </span>
     <span class='ocr_line' id='line_1_93' title="bbox 1313 1642 2361 1700; baseline 0.002 -17"><span class='ocrx_word' id='word_1_671' title='bbox 1313 1643 1373 1683; x_wconf 65' lang='grc' dir='ltr'>οιαὶ</span> <span class='ocrx_word' id='word_1_672' title='bbox 1394 1643 1469 1682; x_wconf 81' lang='grc' dir='ltr'>καθ’</span> <span class='ocrx_word' id='word_1_673' title='bbox 1501 1642 1540 1683; x_wconf 88' lang='grc' dir='ltr'><strong>ὃν</strong></span> <span class='ocrx_word' id='word_1_674' title='bbox 1574 1644 1704 1693; x_wconf 78' lang='grc' dir='ltr'>δήποτε</span> <span class='ocrx_word' id='word_1_675' title='bbox 1740 1644 1868 1696; x_wconf 87' lang='grc' dir='ltr'>τρόπον</span> <span class='ocrx_word' id='word_1_676' title='bbox 1899 1645 2123 1684; x_wconf 88' lang='grc' dir='ltr'>διανοεῖσθαι.</span> <span class='ocrx_word' id='word_1_677' title='bbox 2154 1645 2273 1686; x_wconf 75' lang='grc' dir='ltr'>“Οταν</span> <span class='ocrx_word' id='word_1_678' title='bbox 2294 1648 2361 1700; x_wconf 86' lang='grc' dir='ltr'>γὰρ</span> 
     </span>
     <span class='ocr_line' id='line_1_94' title="bbox 1313 1701 2363 1756; baseline 0.001 -14"><span class='ocrx_word' id='word_1_679' title='bbox 1313 1702 1442 1754; x_wconf 82' lang='grc' dir='ltr'>ἴδωμεν</span> <span class='ocrx_word' id='word_1_680' title='bbox 1463 1702 1503 1741; x_wconf 83' lang='grc' dir='ltr'>τὸ</span> <span class='ocrx_word' id='word_1_681' title='bbox 1520 1705 1624 1755; x_wconf 83' lang='grc' dir='ltr'>σῶμα</span> <span class='ocrx_word' id='word_1_682' title='bbox 1638 1733 1648 1750; x_wconf 92' lang='grc'>,</span> <span class='ocrx_word' id='word_1_683' title='bbox 1677 1703 1738 1742; x_wconf 77' lang='grc' dir='ltr'><strong>καὶ</strong></span> <span class='ocrx_word' id='word_1_684' title='bbox 1757 1701 1818 1747; x_wconf 85' lang='grc' dir='ltr'><strong>τὰς</strong></span> <span class='ocrx_word' id='word_1_685' title='bbox 1838 1703 1960 1743; x_wconf 84' lang='grc' dir='ltr'>τούτου</span> <span class='ocrx_word' id='word_1_686' title='bbox 1981 1703 2162 1756; x_wconf 86' lang='grc' dir='ltr'>δυνάμεις,</span> <span class='ocrx_word' id='word_1_687' title='bbox 2183 1706 2243 1743; x_wconf 82' lang='grc' dir='ltr'><strong>καὶ</strong></span> <span class='ocrx_word' id='word_1_688' title='bbox 2263 1707 2363 1745; x_wconf 76' lang='grc' dir='ltr'>ἐνθυ-</span> 
     </span>
     <span class='ocr_line' id='line_1_95' title="bbox 1314 1761 2364 1817; baseline 0.004 -16"><span class='ocrx_word' id='word_1_689' title='bbox 1314 1764 1484 1815; x_wconf 79' lang='grc' dir='ltr'>μηθῶμεν</span> <span class='ocrx_word' id='word_1_690' title='bbox 1504 1762 1541 1802; x_wconf 85' lang='grc' dir='ltr'><strong>δὲ</strong></span> <span class='ocrx_word' id='word_1_691' title='bbox 1563 1763 1625 1808; x_wconf 84' lang='grc' dir='ltr'><strong>τὰς</strong></span> <span class='ocrx_word' id='word_1_692' title='bbox 1653 1761 1819 1807; x_wconf 86' lang='grc' dir='ltr'>τοιαύτας</span> <span class='ocrx_word' id='word_1_693' title='bbox 1841 1764 2015 1816; x_wconf 80' lang='grc' dir='ltr'>ἐνεργείας</span> <span class='ocrx_word' id='word_1_694' title='bbox 2029 1795 2040 1816; x_wconf 78' lang='grc'>,</span> <span class='ocrx_word' id='word_1_695' title='bbox 2063 1767 2110 1809; x_wconf 80' lang='grc' dir='ltr'>ὡς</span> <span class='ocrx_word' id='word_1_696' title='bbox 2139 1766 2177 1803; x_wconf 76' lang='grc' dir='ltr'><strong>οὔ</strong></span> <span class='ocrx_word' id='word_1_697' title='bbox 2199 1765 2364 1817; x_wconf 82' lang='grc' dir='ltr'>σώματος</span> 
     </span>
    </p>
   </div>
   <div class='ocr_carea' id='block_1_10' title="bbox 183 1913 2367 1961">
    <p class='ocr_par' dir='ltr' id='par_1_16' title="bbox 174 1901 2367 1963">
     <span class='ocr_line' id='line_1_96' title="bbox 183 1913 2367 1961; baseline 0.001 -12.988"><span class='ocrx_word' id='word_1_698' title='bbox 183 1913 364 1954; x_wconf 56' lang='lat' dir='ltr'><strong>„inrernm</strong></span> <span class='ocrx_word' id='word_1_699' title='bbox 379 1915 499 1948; x_wconf 75' lang='lat' dir='ltr'><strong>natura</strong></span> <span class='ocrx_word' id='word_1_700' title='bbox 515 1922 578 1957; x_wconf 90' lang='lat' dir='ltr'><strong>pro</strong></span> <span class='ocrx_word' id='word_1_701' title='bbox 591 1913 778 1947; x_wconf 89' lang='lat' dir='ltr'><strong>animorum</strong></span> <span class='ocrx_word' id='word_1_702' title='bbox 795 1913 1077 1955; x_wconf 86' lang='lat' dir='ltr'><strong>administratione</strong></span> <span class='ocrx_word' id='word_1_703' title='bbox 1095 1915 1250 1957; x_wconf 83' lang='lat' dir='ltr'><strong>praeclare</strong></span> <span class='ocrx_word' id='word_1_704' title='bbox 1276 1916 1285 1961; x_wconf 80' lang='grc'>1</span> <span class='ocrx_word' id='word_1_705' title='bbox 1314 1924 1354 1948; x_wconf 92' lang='lat' dir='ltr'><strong>ac</strong></span> <span class='ocrx_word' id='word_1_706' title='bbox 1372 1924 1432 1957; x_wconf 91' lang='lat' dir='ltr'><strong>per</strong></span> <span class='ocrx_word' id='word_1_707' title='bbox 1448 1924 1484 1948; x_wconf 89' lang='lat' dir='ltr'><strong>se</strong></span> <span class='ocrx_word' id='word_1_708' title='bbox 1502 1917 1678 1949; x_wconf 88' lang='lat' dir='ltr'><strong>moveatur</strong></span> <span class='ocrx_word' id='word_1_709' title='bbox 1696 1929 1703 1949; x_wconf 91' lang='lat'>:</span> <span class='ocrx_word' id='word_1_710' title='bbox 1719 1916 1807 1958; x_wconf 85' lang='lat' dir='ltr'><strong>quod</strong></span> <span class='ocrx_word' id='word_1_711' title='bbox 1819 1916 1929 1959; x_wconf 86' lang='lat' dir='ltr'><strong>ipsum</strong></span> <span class='ocrx_word' id='word_1_712' title='bbox 1947 1925 2008 1949; x_wconf 81' lang='lat' dir='ltr'><strong>nec</strong></span> <span class='ocrx_word' id='word_1_713' title='bbox 2024 1916 2055 1949; x_wconf 85' lang='lat' dir='ltr'><strong>ei</strong></span> <span class='ocrx_word' id='word_1_714' title='bbox 2070 1917 2240 1958; x_wconf 81' lang='lat' dir='ltr'><strong>concedit,</strong></span> <span class='ocrx_word' id='word_1_715' title='bbox 2262 1920 2300 1951; x_wconf 89' lang='lat' dir='ltr'><strong>ut</strong></span> <span class='ocrx_word' id='word_1_716' title='bbox 2316 1920 2367 1951; x_wconf 90' lang='lat' dir='ltr'><strong>est</strong></span> 
     </span>
    </p>
   </div>
   <div class='ocr_carea' id='block_1_11' title="bbox 1308 1974 2366 3565">
    <p class='ocr_par' dir='ltr' id='par_1_17' title="bbox 1308 1974 2366 3565">
     <span class='ocr_line' id='line_1_97' title="bbox 1313 1974 2362 2016; baseline 0.004 -11"><span class='ocrx_word' id='word_1_717' title='bbox 1313 1974 1347 2006; x_wconf 89' lang='lat' dir='ltr'><strong>in</strong></span> <span class='ocrx_word' id='word_1_718' title='bbox 1365 1982 1503 2016; x_wconf 79' lang='lat' dir='ltr'><strong>corpore</strong></span> <span class='ocrx_word' id='word_1_719' title='bbox 1515 1999 1523 2014; x_wconf 93' lang='lat'><strong>,</strong></span> <span class='ocrx_word' id='word_1_720' title='bbox 1538 1983 1676 2016; x_wconf 92' lang='lat' dir='ltr'><strong>prorsus</strong></span> <span class='ocrx_word' id='word_1_721' title='bbox 1697 1975 1734 2007; x_wconf 92' lang='lat' dir='ltr'><strong>ut</strong></span> <span class='ocrx_word' id='word_1_722' title='bbox 1746 1974 1924 2008; x_wconf 89' lang='lat' dir='ltr'><strong>immobilis</strong></span> <span class='ocrx_word' id='word_1_723' title='bbox 1936 1974 1997 2014; x_wconf 52' lang='lat' dir='ltr'><strong>,iile</strong></span> <span class='ocrx_word' id='word_1_724' title='bbox 2014 1975 2061 2007; x_wconf 87' lang='lat' dir='ltr'><strong>sit</strong></span> <span class='ocrx_word' id='word_1_725' title='bbox 2076 1977 2178 2016; x_wconf 85' lang='lat' dir='ltr'><strong>atque</strong></span> <span class='ocrx_word' id='word_1_726' title='bbox 2191 1977 2230 2008; x_wconf 92' lang='lat' dir='ltr'><strong>ut</strong></span> <span class='ocrx_word' id='word_1_727' title='bbox 2249 1976 2294 2010; x_wconf 89' lang='lat' dir='ltr'><strong>ita</strong></span> <span class='ocrx_word' id='word_1_728' title='bbox 2311 1976 2362 2009; x_wconf 89' lang='lat' dir='ltr'><strong>di-</strong></span> 
     </span>
     <span class='ocr_line' id='line_1_98' title="bbox 1313 2033 2366 2082; baseline 0.003 -17"><span class='ocrx_word' id='word_1_729' title='bbox 1313 2042 1386 2066; x_wconf 87' lang='lat' dir='ltr'><strong>cam</strong></span> <span class='ocrx_word' id='word_1_730' title='bbox 1403 2033 1579 2066; x_wconf 84' lang='lat' dir='ltr'><strong>inanimus.</strong></span> <span class='ocrx_word' id='word_1_731' title='bbox 1598 2033 1792 2076; x_wconf 78' lang='lat' dir='ltr'><strong>GuJusmodi</strong></span> <span class='ocrx_word' id='word_1_732' title='bbox 1800 2034 1953 2067; x_wconf 88' lang='lat' dir='ltr'><strong>videlicet</strong></span> <span class='ocrx_word' id='word_1_733' title='bbox 1966 2034 2029 2067; x_wconf 87' lang='lat' dir='ltr'><strong>hoc</strong></span> <span class='ocrx_word' id='word_1_734' title='bbox 2042 2036 2094 2068; x_wconf 87' lang='lat' dir='ltr'><strong>est</strong></span> <span class='ocrx_word' id='word_1_735' title='bbox 2107 2035 2237 2077; x_wconf 84' lang='lat' dir='ltr'><strong>vitium,</strong></span> <span class='ocrx_word' id='word_1_736' title='bbox 2249 2038 2291 2082; x_wconf 83' lang='lat' dir='ltr'><strong>ut</strong></span> <span class='ocrx_word' id='word_1_737' title='bbox 2298 2036 2366 2079; x_wconf 82' lang='lat' dir='ltr'><strong>pri·</strong></span> 
     </span>
     <span class='ocr_line' id='line_1_99' title="bbox 1313 2092 2364 2136; baseline 0.003 -11"><span class='ocrx_word' id='word_1_738' title='bbox 1313 2092 1434 2126; x_wconf 90' lang='lat' dir='ltr'><strong>marios</strong></span> <span class='ocrx_word' id='word_1_739' title='bbox 1450 2093 1549 2126; x_wconf 84' lang='lat' dir='ltr'><strong>etiam</strong></span> <span class='ocrx_word' id='word_1_740' title='bbox 1575 2094 1686 2126; x_wconf 89' lang='lat' dir='ltr'><strong>motus</strong></span> <span class='ocrx_word' id='word_1_741' title='bbox 1704 2093 1813 2126; x_wconf 87' lang='lat' dir='ltr'><strong>animo</strong></span> <span class='ocrx_word' id='word_1_742' title='bbox 1831 2094 1885 2127; x_wconf 85' lang='lat' dir='ltr'><strong>vel</strong></span> <span class='ocrx_word' id='word_1_743' title='bbox 1914 2094 2034 2127; x_wconf 82' lang='lat' dir='ltr'><strong>audeat</strong></span> <span class='ocrx_word' id='word_1_744' title='bbox 2053 2095 2107 2128; x_wconf 84' lang='lat' dir='ltr'><strong>vel</strong></span> <span class='ocrx_word' id='word_1_745' title='bbox 2136 2097 2273 2136; x_wconf 87' lang='lat' dir='ltr'><strong>cogatur</strong></span> <span class='ocrx_word' id='word_1_746' title='bbox 2296 2095 2364 2128; x_wconf 89' lang='lat' dir='ltr'><strong>adi-</strong></span> 
     </span>
     <span class='ocr_line' id='line_1_100' title="bbox 1313 2153 2364 2196; baseline 0.001 -10"><span class='ocrx_word' id='word_1_747' title='bbox 1313 2162 1419 2194; x_wconf 87' lang='lat' dir='ltr'><strong>mere,</strong></span> <span class='ocrx_word' id='word_1_748' title='bbox 1452 2153 1737 2194; x_wconf 87' lang='lat' dir='ltr'><strong>deliberationem,</strong></span> <span class='ocrx_word' id='word_1_749' title='bbox 1775 2154 2006 2196; x_wconf 83' lang='lat' dir='ltr'><strong>cogitationem</strong></span> <span class='ocrx_word' id='word_1_750' title='bbox 2019 2179 2027 2194; x_wconf 81' lang='lat'><strong>,</strong></span> <span class='ocrx_word' id='word_1_751' title='bbox 2064 2154 2338 2196; x_wconf 76' lang='lat' dir='ltr'><strong>exspectationem</strong></span> <span class='ocrx_word' id='word_1_752' title='bbox 2356 2181 2364 2196; x_wconf 84' lang='lat'><strong>,</strong></span> 
     </span>
     <span class='ocr_line' id='line_1_101' title="bbox 1313 2212 2366 2256; baseline 0.002 -11"><span class='ocrx_word' id='word_1_753' title='bbox 1313 2212 1587 2255; x_wconf 84' lang='lat' dir='ltr'><strong>recordationem,</strong></span> <span class='ocrx_word' id='word_1_754' title='bbox 1605 2214 1896 2247; x_wconf 86' lang='lat' dir='ltr'><strong>ratiocinationem.</strong></span> <span class='ocrx_word' id='word_1_755' title='bbox 1947 2215 2060 2256; x_wconf 89' lang='lat' dir='ltr'><strong>Neque</strong></span> <span class='ocrx_word' id='word_1_756' title='bbox 2078 2214 2172 2247; x_wconf 83' lang='lat' dir='ltr'><strong>euim</strong></span> <span class='ocrx_word' id='word_1_757' title='bbox 2191 2214 2292 2248; x_wconf 88' lang='lat' dir='ltr'><strong>animi</strong></span> <span class='ocrx_word' id='word_1_758' title='bbox 2314 2215 2366 2247; x_wconf 80' lang='lat' dir='ltr'><strong>11ae</strong></span> 
     </span>
     <span class='ocr_line' id='line_1_102' title="bbox 1312 2270 2363 2313; baseline 0.005 -11"><span class='ocrx_word' id='word_1_759' title='bbox 1312 2273 1391 2303; x_wconf 87' lang='lat' dir='ltr'><strong>sunt</strong></span> <span class='ocrx_word' id='word_1_760' title='bbox 1416 2270 1673 2311; x_wconf 85' lang='lat' dir='ltr'><strong>commotiones,</strong></span> <span class='ocrx_word' id='word_1_761' title='bbox 1702 2271 1810 2313; x_wconf 82' lang='lat' dir='ltr'><strong>inquit</strong></span> <span class='ocrx_word' id='word_1_762' title='bbox 1830 2272 1893 2305; x_wconf 80' lang='lat' dir='ltr'><strong>iste</strong></span> <span class='ocrx_word' id='word_1_763' title='bbox 1921 2275 2048 2305; x_wconf 80' lang='lat' dir='ltr'><strong>naturae</strong></span> <span class='ocrx_word' id='word_1_764' title='bbox 2080 2275 2205 2306; x_wconf 84' lang='lat' dir='ltr'><strong>auctor.</strong></span> <span class='ocrx_word' id='word_1_765' title='bbox 2237 2274 2363 2307; x_wconf 82' lang='lat' dir='ltr'><strong>Admo-</strong></span> 
     </span>
     <span class='ocr_line' id='line_1_103' title="bbox 1312 2326 2362 2374; baseline 0.003 -11"><span class='ocrx_word' id='word_1_766' title='bbox 1312 2331 1393 2364; x_wconf 90' lang='lat' dir='ltr'><strong>dum</strong></span> <span class='ocrx_word' id='word_1_767' title='bbox 1410 2333 1498 2364; x_wconf 87' lang='lat' dir='ltr'><strong>certe</strong></span> <span class='ocrx_word' id='word_1_768' title='bbox 1521 2331 1638 2373; x_wconf 85' lang='lat' dir='ltr'><strong>dignus</strong></span> <span class='ocrx_word' id='word_1_769' title='bbox 1656 2331 1711 2364; x_wconf 83' lang='lat' dir='ltr'><strong>hic</strong></span> <span class='ocrx_word' id='word_1_770' title='bbox 1727 2334 1801 2373; x_wconf 90' lang='lat' dir='ltr'><strong>est,</strong></span> <span class='ocrx_word' id='word_1_771' title='bbox 1820 2341 1920 2374; x_wconf 85' lang='lat' dir='ltr'><strong>quem</strong></span> <span class='ocrx_word' id='word_1_772' title='bbox 1946 2332 1988 2365; x_wconf 91' lang='lat' dir='ltr'><strong>de</strong></span> <span class='ocrx_word' id='word_1_773' title='bbox 2007 2333 2108 2366; x_wconf 90' lang='lat' dir='ltr'><strong>rebus</strong></span> <span class='ocrx_word' id='word_1_774' title='bbox 2126 2326 2273 2366; x_wconf 79' lang='lat' dir='ltr'><strong>externis</strong></span> <span class='ocrx_word' id='word_1_775' title='bbox 2298 2333 2362 2366; x_wconf 91' lang='lat' dir='ltr'><strong>ali-</strong></span> 
     </span>
     <span class='ocr_line' id='line_1_104' title="bbox 1313 2388 2361 2433; baseline 0.004 -12"><span class='ocrx_word' id='word_1_776' title='bbox 1313 2388 1394 2430; x_wconf 89' lang='lat' dir='ltr'><strong>quid</strong></span> <span class='ocrx_word' id='word_1_777' title='bbox 1421 2389 1606 2431; x_wconf 81' lang='lat' dir='ltr'><strong>percepisse</strong></span> <span class='ocrx_word' id='word_1_778' title='bbox 1638 2390 1830 2431; x_wconf 89' lang='lat' dir='ltr'><strong>credamus,</strong></span> <span class='ocrx_word' id='word_1_779' title='bbox 1855 2391 1913 2432; x_wconf 88' lang='lat' dir='ltr'><strong>qui</strong></span> <span class='ocrx_word' id='word_1_780' title='bbox 1940 2392 2070 2423; x_wconf 86' lang='lat' dir='ltr'><strong>tantum</strong></span> <span class='ocrx_word' id='word_1_781' title='bbox 2092 2391 2134 2424; x_wconf 90' lang='lat' dir='ltr'><strong>ab</strong></span> <span class='ocrx_word' id='word_1_782' title='bbox 2152 2391 2262 2424; x_wconf 82' lang='lat' dir='ltr'><strong>animo</strong></span> <span class='ocrx_word' id='word_1_783' title='bbox 2289 2400 2361 2433; x_wconf 80' lang='lat' dir='ltr'><strong>ipse</strong></span> 
     </span>
     <span class='ocr_line' id='line_1_105' title="bbox 1312 2447 2360 2492; baseline 0.004 -12"><span class='ocrx_word' id='word_1_784' title='bbox 1312 2457 1373 2480; x_wconf 91' lang='lat' dir='ltr'><strong>suo</strong></span> <span class='ocrx_word' id='word_1_785' title='bbox 1386 2447 1551 2481; x_wconf 87' lang='lat' dir='ltr'><strong>aberravit</strong></span> <span class='ocrx_word' id='word_1_786' title='bbox 1563 2473 1571 2489; x_wconf 89' lang='lat'><strong>,</strong></span> <span class='ocrx_word' id='word_1_787' title='bbox 1602 2451 1639 2482; x_wconf 88' lang='lat' dir='ltr'><strong>ut</strong></span> <span class='ocrx_word' id='word_1_788' title='bbox 1656 2457 1698 2482; x_wconf 92' lang='lat' dir='ltr'><strong>ne</strong></span> <span class='ocrx_word' id='word_1_789' title='bbox 1714 2449 1878 2491; x_wconf 86' lang='lat' dir='ltr'><strong>propriam</strong></span> <span class='ocrx_word' id='word_1_790' title='bbox 1898 2450 2033 2491; x_wconf 87' lang='lat' dir='ltr'><strong>quidem</strong></span> <span class='ocrx_word' id='word_1_791' title='bbox 2052 2450 2122 2491; x_wconf 86' lang='lat' dir='ltr'><strong>ejus</strong></span> <span class='ocrx_word' id='word_1_792' title='bbox 2140 2459 2215 2484; x_wconf 89' lang='lat' dir='ltr'><strong>esse</strong></span> <span class='ocrx_word' id='word_1_793' title='bbox 2233 2451 2360 2492; x_wconf 78' lang='lat' dir='ltr'><strong>cogita-</strong></span> 
     </span>
     <span class='ocr_line' id='line_1_106' title="bbox 1311 2507 2362 2553; baseline 0.004 -14"><span class='ocrx_word' id='word_1_794' title='bbox 1311 2507 1434 2540; x_wconf 84' lang='lat' dir='ltr'><strong>tionem</strong></span> <span class='ocrx_word' id='word_1_795' title='bbox 1447 2507 1626 2549; x_wconf 85' lang='lat' dir='ltr'><strong>intelligere</strong></span> <span class='ocrx_word' id='word_1_796' title='bbox 1645 2508 1800 2550; x_wconf 79' lang='lat' dir='ltr'><strong>potuerit.</strong></span> <span class='ocrx_word' id='word_1_797' title='bbox 1815 2510 1887 2541; x_wconf 86' lang='lat' dir='ltr'><strong>Non</strong></span> <span class='ocrx_word' id='word_1_798' title='bbox 1897 2509 1984 2542; x_wconf 90' lang='lat' dir='ltr'><strong>enim</strong></span> <span class='ocrx_word' id='word_1_799' title='bbox 1997 2509 2145 2549; x_wconf 89' lang='lat' dir='ltr'><strong>animus,</strong></span> <span class='ocrx_word' id='word_1_800' title='bbox 2167 2509 2286 2553; x_wconf 90' lang='lat' dir='ltr'><strong>inquit,</strong></span> <span class='ocrx_word' id='word_1_801' title='bbox 2304 2511 2362 2543; x_wconf 82' lang='lat' dir='ltr'><strong>sed</strong></span> 
     </span>
     <span class='ocr_line' id='line_1_107' title="bbox 1313 2558 2363 2608; baseline 0.003 -10"><span class='ocrx_word' id='word_1_802' title='bbox 1313 2566 1414 2599; x_wconf 92' lang='lat' dir='ltr'><strong>homo</strong></span> <span class='ocrx_word' id='word_1_803' title='bbox 1446 2558 1566 2608; x_wconf 62' lang='lat' dir='ltr'><strong>potius*</strong></span> <span class='ocrx_word' id='word_1_804' title='bbox 1583 2565 1686 2600; x_wconf 79' lang='lat' dir='ltr'><strong>efficit</strong></span> <span class='ocrx_word' id='word_1_805' title='bbox 1716 2566 1791 2599; x_wconf 83' lang='lat' dir='ltr'><strong>haec</strong></span> <span class='ocrx_word' id='word_1_806' title='bbox 1813 2566 1924 2599; x_wconf 87' lang='lat' dir='ltr'><strong>omnia</strong></span> <span class='ocrx_word' id='word_1_807' title='bbox 1949 2580 1963 2599; x_wconf 21' lang='lat' dir='ltr'><strong>a:</strong></span> <span class='ocrx_word' id='word_1_808' title='bbox 1987 2567 2116 2600; x_wconf 88' lang='lat' dir='ltr'><strong>animus</strong></span> <span class='ocrx_word' id='word_1_809' title='bbox 2147 2558 2363 2605; x_wconf 45' lang='lat' dir='ltr'><strong>vero&#39;manet</strong></span> 
     </span>
     <span class='ocr_line' id='line_1_108' title="bbox 1311 2624 2361 2668; baseline 0.004 -11"><span class='ocrx_word' id='word_1_810' title='bbox 1311 2624 1498 2658; x_wconf 85' lang='lat' dir='ltr'><strong>immobilis.</strong></span> <span class='ocrx_word' id='word_1_811' title='bbox 1529 2626 1646 2667; x_wconf 90' lang='lat' dir='ltr'><strong>Itaque</strong></span> <span class='ocrx_word' id='word_1_812' title='bbox 1661 2625 1749 2658; x_wconf 88' lang='lat' dir='ltr'><strong>hunc</strong></span> <span class='ocrx_word' id='word_1_813' title='bbox 1776 2627 1908 2659; x_wconf 88' lang='lat' dir='ltr'><strong>secutus</strong></span> <span class='ocrx_word' id='word_1_814' title='bbox 1936 2628 2051 2668; x_wconf 85' lang='lat' dir='ltr'><strong>postea</strong></span> <span class='ocrx_word' id='word_1_815' title='bbox 2076 2627 2286 2661; x_wconf 55' lang='lat' dir='ltr'><strong>Dicaearchus</strong></span> <span class='ocrx_word' id='word_1_816' title='bbox 2299 2653 2308 2668; x_wconf 90' lang='lat'>‚</span> <span class='ocrx_word' id='word_1_817' title='bbox 2327 2628 2361 2660; x_wconf 90' lang='lat' dir='ltr'><strong>id</strong></span> 
     </span>
     <span class='ocr_line' id='line_1_109' title="bbox 1311 2686 2358 2730; baseline 0.003 -11"><span class='ocrx_word' id='word_1_818' title='bbox 1311 2686 1399 2728; x_wconf 90' lang='lat' dir='ltr'><strong>quod</strong></span> <span class='ocrx_word' id='word_1_819' title='bbox 1415 2695 1457 2720; x_wconf 83' lang='lat' dir='ltr'><strong>ex</strong></span> <span class='ocrx_word' id='word_1_820' title='bbox 1470 2695 1509 2720; x_wconf 89' lang='lat' dir='ltr'><strong>ea</strong></span> <span class='ocrx_word' id='word_1_821' title='bbox 1523 2687 1673 2720; x_wconf 84' lang='lat' dir='ltr'><strong>doctrina</strong></span> <span class='ocrx_word' id='word_1_822' title='bbox 1688 2696 1894 2730; x_wconf 87' lang='lat' dir='ltr'><strong>consequens</strong></span> <span class='ocrx_word' id='word_1_823' title='bbox 1915 2690 1987 2721; x_wconf 89' lang='lat' dir='ltr'><strong>erat</strong></span> <span class='ocrx_word' id='word_1_824' title='bbox 2002 2688 2127 2730; x_wconf 86' lang='lat' dir='ltr'><strong>optime</strong></span> <span class='ocrx_word' id='word_1_825' title='bbox 2142 2698 2244 2730; x_wconf 87' lang='lat' dir='ltr'><strong>quum</strong></span> <span class='ocrx_word' id='word_1_826' title='bbox 2265 2689 2358 2722; x_wconf 86' lang='lat' dir='ltr'><strong>vide-</strong></span> 
     </span>
     <span class='ocr_line' id='line_1_110' title="bbox 1310 2745 2361 2790; baseline 0.003 -12"><span class='ocrx_word' id='word_1_827' title='bbox 1310 2748 1378 2786; x_wconf 86' lang='lat' dir='ltr'><strong>ret,</strong></span> <span class='ocrx_word' id='word_1_828' title='bbox 1407 2747 1512 2779; x_wconf 81' lang='lat' dir='ltr'><strong>totam</strong></span> <span class='ocrx_word' id='word_1_829' title='bbox 1545 2745 1643 2779; x_wconf 87' lang='lat' dir='ltr'><strong>animi</strong></span> <span class='ocrx_word' id='word_1_830' title='bbox 1672 2747 1825 2780; x_wconf 85' lang='lat' dir='ltr'><strong>naturam</strong></span> <span class='ocrx_word' id='word_1_831' title='bbox 1855 2746 2005 2780; x_wconf 85' lang='lat' dir='ltr'><strong>funditus</strong></span> <span class='ocrx_word' id='word_1_832' title='bbox 2035 2748 2181 2781; x_wconf 87' lang='lat' dir='ltr'><strong>sustulit.</strong></span> <span class='ocrx_word' id='word_1_833' title='bbox 2215 2751 2361 2790; x_wconf 83' lang='lat' dir='ltr'><strong>Namque</strong></span> 
     </span>
     <span class='ocr_line' id='line_1_111' title="bbox 1309 2804 2361 2851; baseline 0.005 -15"><span class='ocrx_word' id='word_1_834' title='bbox 1309 2804 1392 2837; x_wconf 91' lang='lat' dir='ltr'><strong>illud</strong></span> <span class='ocrx_word' id='word_1_835' title='bbox 1419 2806 1561 2846; x_wconf 86' lang='lat' dir='ltr'><strong>constat,</strong></span> <span class='ocrx_word' id='word_1_836' title='bbox 1581 2806 1727 2838; x_wconf 91' lang='lat' dir='ltr'><strong>animum</strong></span> <span class='ocrx_word' id='word_1_837' title='bbox 1754 2815 1827 2839; x_wconf 90' lang='lat' dir='ltr'><strong>rem</strong></span> <span class='ocrx_word' id='word_1_838' title='bbox 1858 2815 1965 2848; x_wconf 87' lang='lat' dir='ltr'><strong>neque</strong></span> <span class='ocrx_word' id='word_1_839' title='bbox 1994 2807 2228 2849; x_wconf 83' lang='lat' dir='ltr'><strong>aspectabilem</strong></span> <span class='ocrx_word' id='word_1_840' title='bbox 2254 2817 2361 2851; x_wconf 87' lang='lat' dir='ltr'><strong>neque</strong></span> 
     </span>
     <span class='ocr_line' id='line_1_112' title="bbox 1310 2864 2360 2908; baseline 0.003 -10"><span class='ocrx_word' id='word_1_841' title='bbox 1310 2864 1518 2907; x_wconf 88' lang='lat' dir='ltr'><strong>conspicuam</strong></span> <span class='ocrx_word' id='word_1_842' title='bbox 1534 2873 1606 2898; x_wconf 91' lang='lat' dir='ltr'><strong>esse</strong></span> <span class='ocrx_word' id='word_1_843' title='bbox 1623 2877 1630 2897; x_wconf 93' lang='lat'>:</span> <span class='ocrx_word' id='word_1_844' title='bbox 1645 2874 1712 2907; x_wconf 84' lang='lat' dir='ltr'><strong>quo</strong></span> <span class='ocrx_word' id='word_1_845' title='bbox 1732 2865 1781 2907; x_wconf 85' lang='lat' dir='ltr'><strong>fit,</strong></span> <span class='ocrx_word' id='word_1_846' title='bbox 1801 2867 1840 2899; x_wconf 93' lang='lat' dir='ltr'><strong>ut</strong></span> <span class='ocrx_word' id='word_1_847' title='bbox 1853 2865 1971 2899; x_wconf 87' lang='lat' dir='ltr'><strong>saltem</strong></span> <span class='ocrx_word' id='word_1_848' title='bbox 1987 2868 2120 2908; x_wconf 85' lang='lat' dir='ltr'><strong>propter</strong></span> <span class='ocrx_word' id='word_1_849' title='bbox 2135 2867 2260 2900; x_wconf 90' lang='lat' dir='ltr'><strong>nullam</strong></span> <span class='ocrx_word' id='word_1_850' title='bbox 2283 2877 2360 2902; x_wconf 88' lang='lat' dir='ltr'><strong>sen·</strong></span> 
     </span>
     <span class='ocr_line' id='line_1_113' title="bbox 1308 2924 2361 2965; baseline 0.001 -7"><span class='ocrx_word' id='word_1_851' title='bbox 1308 2933 1409 2958; x_wconf 88' lang='lat' dir='ltr'><strong>suum</strong></span> <span class='ocrx_word' id='word_1_852' title='bbox 1431 2924 1655 2965; x_wconf 80' lang='lat' dir='ltr'><strong>efficientiam,</strong></span> <span class='ocrx_word' id='word_1_853' title='bbox 1670 2925 1815 2958; x_wconf 90' lang='lat' dir='ltr'><strong>animum</strong></span> <span class='ocrx_word' id='word_1_854' title='bbox 1834 2934 1907 2959; x_wconf 89' lang='lat' dir='ltr'><strong>esse</strong></span> <span class='ocrx_word' id='word_1_855' title='bbox 1921 2925 2001 2959; x_wconf 87' lang='lat' dir='ltr'><strong>dare</strong></span> <span class='ocrx_word' id='word_1_856' title='bbox 2015 2925 2205 2959; x_wconf 85' lang='lat' dir='ltr'><strong>debeamus.</strong></span> <span class='ocrx_word' id='word_1_857' title='bbox 2224 2929 2267 2959; x_wconf 81' lang='lat' dir='ltr'><strong>At</strong></span> <span class='ocrx_word' id='word_1_858' title='bbox 2281 2936 2361 2960; x_wconf 86' lang='lat' dir='ltr'><strong>vero</strong></span> 
     </span>
     <span class='ocr_line' id='line_1_114' title="bbox 1309 2979 2360 3028; baseline 0.002 -11"><span class='ocrx_word' id='word_1_859' title='bbox 1309 2983 1441 3018; x_wconf 81' lang='lat' dir='ltr'><strong>latentis</strong></span> <span class='ocrx_word' id='word_1_860' title='bbox 1458 2983 1558 3017; x_wconf 86' lang='lat' dir='ltr'><strong>animi</strong></span> <span class='ocrx_word' id='word_1_861' title='bbox 1579 2985 1743 3018; x_wconf 89' lang='lat' dir='ltr'><strong>motiones</strong></span> <span class='ocrx_word' id='word_1_862' title='bbox 1767 2993 1884 3026; x_wconf 79' lang='lat' dir='ltr'><strong>cogere</strong></span> <span class='ocrx_word' id='word_1_863' title='bbox 1910 2994 1972 3018; x_wconf 91' lang='lat' dir='ltr'><strong>nos</strong></span> <span class='ocrx_word' id='word_1_864' title='bbox 1993 2979 2162 3024; x_wconf 84' lang='lat' dir='ltr'><strong>videntur,</strong></span> <span class='ocrx_word' id='word_1_865' title='bbox 2179 2989 2219 3019; x_wconf 89' lang='lat' dir='ltr'><strong>ut</strong></span> <span class='ocrx_word' id='word_1_866' title='bbox 2234 2985 2360 3028; x_wconf 77' lang='lat' dir='ltr'><strong>aliquid</strong></span> 
     </span>
     <span class='ocr_line' id='line_1_115' title="bbox 1308 3044 2359 3088; baseline 0.001 -10"><span class='ocrx_word' id='word_1_867' title='bbox 1308 3044 1419 3088; x_wconf 87' lang='lat' dir='ltr'><strong>ipsum</strong></span> <span class='ocrx_word' id='word_1_868' title='bbox 1433 3054 1505 3078; x_wconf 88' lang='lat' dir='ltr'><strong>esse</strong></span> <span class='ocrx_word' id='word_1_869' title='bbox 1521 3045 1748 3079; x_wconf 81' lang='lat' dir='ltr'><strong>conliteamur.</strong></span> <span class='ocrx_word' id='word_1_870' title='bbox 1784 3047 1890 3079; x_wconf 87' lang='lat' dir='ltr'><strong>Nemo</strong></span> <span class='ocrx_word' id='word_1_871' title='bbox 1909 3045 1998 3079; x_wconf 91' lang='lat' dir='ltr'><strong>enim</strong></span> <span class='ocrx_word' id='word_1_872' title='bbox 2015 3044 2085 3079; x_wconf 80' lang='lat' dir='ltr'><strong>fere</strong></span> <span class='ocrx_word' id='word_1_873' title='bbox 2101 3046 2164 3086; x_wconf 87' lang='lat' dir='ltr'><strong>est,</strong></span> <span class='ocrx_word' id='word_1_874' title='bbox 2189 3046 2271 3088; x_wconf 87' lang='lat' dir='ltr'><strong>quin</strong></span> <span class='ocrx_word' id='word_1_875' title='bbox 2286 3046 2359 3079; x_wconf 78' lang='lat' dir='ltr'><strong>haec</strong></span> 
     </span>
     <span class='ocr_line' id='line_1_116' title="bbox 1310 3104 2360 3149; baseline 0 -12"><span class='ocrx_word' id='word_1_876' title='bbox 1310 3104 1408 3138; x_wconf 87' lang='lat' dir='ltr'><strong>an&#39;nni</strong></span> <span class='ocrx_word' id='word_1_877' title='bbox 1425 3104 1557 3147; x_wconf 85' lang='lat' dir='ltr'><strong>propria</strong></span> <span class='ocrx_word' id='word_1_878' title='bbox 1572 3113 1646 3138; x_wconf 75' lang='lat' dir='ltr'><strong>esse</strong></span> <span class='ocrx_word' id='word_1_879' title='bbox 1670 3104 1841 3149; x_wconf 78' lang='lat' dir='ltr'><strong>intelligat,</strong></span> <span class='ocrx_word' id='word_1_880' title='bbox 1867 3104 2069 3146; x_wconf 88' lang='lat' dir='ltr'><strong>deliberare,</strong></span> <span class='ocrx_word' id='word_1_881' title='bbox 2099 3105 2308 3138; x_wconf 89' lang='lat' dir='ltr'><strong>considerare</strong></span> <span class='ocrx_word' id='word_1_882' title='bbox 2327 3107 2360 3138; x_wconf 84' lang='lat' dir='ltr'><strong>et</strong></span> 
     </span>
     <span class='ocr_line' id='line_1_117' title="bbox 1309 3165 2360 3209; baseline 0 -11"><span class='ocrx_word' id='word_1_883' title='bbox 1309 3174 1504 3209; x_wconf 87' lang='lat' dir='ltr'><strong>quocunque</strong></span> <span class='ocrx_word' id='word_1_884' title='bbox 1519 3166 1619 3199; x_wconf 91' lang='lat' dir='ltr'><strong>modo</strong></span> <span class='ocrx_word' id='word_1_885' title='bbox 1633 3165 1787 3208; x_wconf 85' lang='lat' dir='ltr'><strong>cogitare.</strong></span> <span class='ocrx_word' id='word_1_886' title='bbox 1818 3167 1901 3199; x_wconf 85' lang='lat' dir='ltr'><strong>Nam</strong></span> <span class='ocrx_word' id='word_1_887' title='bbox 1923 3166 2057 3209; x_wconf 90' lang='lat' dir='ltr'><strong>quando</strong></span> <span class='ocrx_word' id='word_1_888' title='bbox 2076 3176 2197 3209; x_wconf 89' lang='lat' dir='ltr'><strong>corpus</strong></span> <span class='ocrx_word' id='word_1_889' title='bbox 2228 3167 2261 3200; x_wconf 91' lang='lat' dir='ltr'><strong>et</strong></span> <span class='ocrx_word' id='word_1_890' title='bbox 2289 3176 2360 3199; x_wconf 88' lang='lat' dir='ltr'><strong>cor-</strong></span> 
     </span>
     <span class='ocr_line' id='line_1_118' title="bbox 1309 3216 2359 3269; baseline -0.001 -11"><span class='ocrx_word' id='word_1_891' title='bbox 1309 3225 1400 3269; x_wconf 84' lang='lat' dir='ltr'><strong>poris</strong></span> <span class='ocrx_word' id='word_1_892' title='bbox 1423 3225 1597 3259; x_wconf 80' lang='lat' dir='ltr'><strong>facultates</strong></span> <span class='ocrx_word' id='word_1_893' title='bbox 1618 3225 1771 3260; x_wconf 82' lang='lat' dir='ltr'><strong>videmus</strong></span> <span class='ocrx_word' id='word_1_894' title='bbox 1783 3251 1792 3267; x_wconf 88' lang='lat'>‚</span> <span class='ocrx_word' id='word_1_895' title='bbox 1810 3226 1977 3268; x_wconf 89' lang='lat' dir='ltr'><strong>simulque</strong></span> <span class='ocrx_word' id='word_1_896' title='bbox 1994 3226 2077 3259; x_wconf 87' lang='lat' dir='ltr'><strong>tales</strong></span> <span class='ocrx_word' id='word_1_897' title='bbox 2099 3216 2194 3258; x_wconf 84' lang='lat' dir='ltr'><strong>actus</strong></span> <span class='ocrx_word' id='word_1_898' title='bbox 2214 3225 2359 3267; x_wconf 88' lang='lat' dir='ltr'><strong>corporis</strong></span> 
     </span>
     <span class='ocr_line' id='line_1_119' title="bbox 1309 3285 2358 3329; baseline -0.002 -10"><span class='ocrx_word' id='word_1_899' title='bbox 1309 3294 1382 3319; x_wconf 84' lang='lat' dir='ltr'><strong>esse</strong></span> <span class='ocrx_word' id='word_1_900' title='bbox 1403 3295 1468 3319; x_wconf 88' lang='lat' dir='ltr'><strong>non</strong></span> <span class='ocrx_word' id='word_1_901' title='bbox 1484 3294 1582 3329; x_wconf 88' lang='lat' dir='ltr'><strong>posse</strong></span> <span class='ocrx_word' id='word_1_902' title='bbox 1608 3287 1801 3329; x_wconf 83' lang='lat' dir='ltr'><strong>reputamus</strong></span> <span class='ocrx_word' id='word_1_903' title='bbox 1828 3300 1836 3319; x_wconf 77' lang='grc' dir='ltr'><strong>ι</strong></span> <span class='ocrx_word' id='word_1_904' title='bbox 1864 3285 1954 3319; x_wconf 89' lang='lat' dir='ltr'><strong>aliud</strong></span> <span class='ocrx_word' id='word_1_905' title='bbox 1982 3285 2151 3328; x_wconf 87' lang='lat' dir='ltr'><strong>quippiam</strong></span> <span class='ocrx_word' id='word_1_906' title='bbox 2165 3310 2174 3326; x_wconf 87' lang='lat'>‚</span> <span class='ocrx_word' id='word_1_907' title='bbox 2192 3285 2282 3326; x_wconf 86' lang='lat' dir='ltr'><strong>quod</strong></span> <span class='ocrx_word' id='word_1_908' title='bbox 2301 3294 2358 3327; x_wconf 86' lang='lat' dir='ltr'><strong>per</strong></span> 
     </span>
     <span class='ocr_line' id='line_1_120' title="bbox 1309 3343 2355 3387; baseline -0.002 -10"><span class='ocrx_word' id='word_1_909' title='bbox 1309 3353 1345 3377; x_wconf 89' lang='lat' dir='ltr'><strong>se</strong></span> <span class='ocrx_word' id='word_1_910' title='bbox 1364 3344 1538 3386; x_wconf 86' lang='lat' dir='ltr'><strong>deliberet,</strong></span> <span class='ocrx_word' id='word_1_911' title='bbox 1563 3344 1598 3378; x_wconf 84' lang='lat' dir='ltr'><strong>in</strong></span> <span class='ocrx_word' id='word_1_912' title='bbox 1617 3344 1710 3378; x_wconf 90' lang='lat' dir='ltr'><strong>nobis</strong></span> <span class='ocrx_word' id='word_1_913' title='bbox 1728 3354 1822 3385; x_wconf 89' lang='lat' dir='ltr'><strong>esse,</strong></span> <span class='ocrx_word' id='word_1_914' title='bbox 1844 3346 1944 3387; x_wconf 85' lang='lat' dir='ltr'><strong>atque</strong></span> <span class='ocrx_word' id='word_1_915' title='bbox 1969 3345 2050 3378; x_wconf 87' lang='lat' dir='ltr'><strong>illud</strong></span> <span class='ocrx_word' id='word_1_916' title='bbox 2071 3344 2180 3386; x_wconf 88' lang='lat' dir='ltr'><strong>ipsum</strong></span> <span class='ocrx_word' id='word_1_917' title='bbox 2211 3343 2355 3376; x_wconf 83' lang='lat' dir='ltr'><strong>animum</strong></span> 
     </span>
     <span class='ocr_line' id='line_1_121' title="bbox 1309 3402 2356 3446; baseline -0.005 -8"><span class='ocrx_word' id='word_1_918' title='bbox 1309 3412 1381 3438; x_wconf 80' lang='lat' dir='ltr'><strong>esse</strong></span> <span class='ocrx_word' id='word_1_919' title='bbox 1404 3403 1622 3438; x_wconf 85' lang='lat' dir='ltr'><strong>concedimus.</strong></span> <span class='ocrx_word' id='word_1_920' title='bbox 1642 3405 1735 3437; x_wconf 89' lang='lat' dir='ltr'><strong>Unde</strong></span> <span class='ocrx_word' id='word_1_921' title='bbox 1752 3404 1858 3446; x_wconf 90' lang='lat' dir='ltr'><strong>enim,</strong></span> <span class='ocrx_word' id='word_1_922' title='bbox 1881 3405 1911 3437; x_wconf 85' lang='lat' dir='ltr'><strong>si</strong></span> <span class='ocrx_word' id='word_1_923' title='bbox 1929 3413 1993 3436; x_wconf 91' lang='lat' dir='ltr'><strong>non</strong></span> <span class='ocrx_word' id='word_1_924' title='bbox 2022 3403 2116 3443; x_wconf 91' lang='lat' dir='ltr'><strong>inde,</strong></span> <span class='ocrx_word' id='word_1_925' title='bbox 2140 3402 2264 3444; x_wconf 86' lang='lat' dir='ltr'><strong>aliquid</strong></span> <span class='ocrx_word' id='word_1_926' title='bbox 2294 3412 2356 3434; x_wconf 84' lang='lat' dir='ltr'><strong>un-</strong></span> 
     </span>
     <span class='ocr_line' id='line_1_122' title="bbox 1310 3461 2357 3506; baseline -0.002 -10"><span class='ocrx_word' id='word_1_927' title='bbox 1310 3473 1409 3506; x_wconf 87' lang='lat' dir='ltr'><strong>quam</strong></span> <span class='ocrx_word' id='word_1_928' title='bbox 1436 3463 1478 3497; x_wconf 87' lang='lat' dir='ltr'><strong>de</strong></span> <span class='ocrx_word' id='word_1_929' title='bbox 1502 3464 1612 3499; x_wconf 83' lang='lat' dir='ltr'><strong>animo</strong></span> <span class='ocrx_word' id='word_1_930' title='bbox 1626 3464 1896 3498; x_wconf 80' lang='lat' dir='ltr'><strong>credidimus?Si</strong></span> <span class='ocrx_word' id='word_1_931' title='bbox 1918 3464 1992 3505; x_wconf 87' lang='lat' dir='ltr'><strong>quis</strong></span> <span class='ocrx_word' id='word_1_932' title='bbox 2009 3463 2107 3505; x_wconf 84' lang='lat' dir='ltr'><strong>igitur</strong></span> <span class='ocrx_word' id='word_1_933' title='bbox 2134 3462 2217 3502; x_wconf 89' lang='lat' dir='ltr'><strong>ista,</strong></span> <span class='ocrx_word' id='word_1_934' title='bbox 2238 3461 2357 3504; x_wconf 83' lang='lat' dir='ltr'><strong>quibus</strong></span> 
     </span>
     <span class='ocr_line' id='line_1_123' title="bbox 1310 3520 2353 3565; baseline -0.002 -10"><span class='ocrx_word' id='word_1_935' title='bbox 1310 3522 1453 3556; x_wconf 73' lang='lat' dir='ltr'><strong>maxime</strong></span> <span class='ocrx_word' id='word_1_936' title='bbox 1474 3523 1622 3564; x_wconf 86' lang='lat' dir='ltr'><strong>proditur</strong></span> <span class='ocrx_word' id='word_1_937' title='bbox 1634 3523 1763 3555; x_wconf 88' lang='lat' dir='ltr'><strong>animus</strong></span> <span class='ocrx_word' id='word_1_938' title='bbox 1778 3548 1786 3563; x_wconf 93' lang='lat'><strong>,</strong></span> <span class='ocrx_word' id='word_1_939' title='bbox 1809 3523 1839 3556; x_wconf 92' lang='lat' dir='ltr'><strong>ei</strong></span> <span class='ocrx_word' id='word_1_940' title='bbox 1852 3522 1990 3565; x_wconf 86' lang='lat' dir='ltr'><strong>eripiens</strong></span> <span class='ocrx_word' id='word_1_941' title='bbox 2013 3521 2066 3554; x_wconf 86' lang='lat' dir='ltr'><strong>alii</strong></span> <span class='ocrx_word' id='word_1_942' title='bbox 2080 3520 2211 3553; x_wconf 79' lang='lat' dir='ltr'><strong>cuidam</strong></span> <span class='ocrx_word' id='word_1_943' title='bbox 2230 3521 2277 3554; x_wconf 90' lang='lat' dir='ltr'><strong>rei</strong></span> <span class='ocrx_word' id='word_1_944' title='bbox 2295 3521 2353 3554; x_wconf 87' lang='lat' dir='ltr'><strong>tri-</strong></span> 
     </span>
    </p>
   </div>
  </div>
 </body>
</html>
