2528 3788
296 267 379 310 226

293 359 315 403 ἡ
344 354 413 392 ἀπὸ
442 350 640 403 διαιρέσεως
667 348 798 400 λέγων·
819 349 875 388 ἐπὶ
905 348 968 401 μὲν
993 343 1050 389 οῦν
1076 353 1144 389 τῶν
1168 352 1218 403 τῷ
1237 349 1329 403 λόγῳ

293 415 430 453 πολλῶν
445 414 489 454 ὥς
510 410 643 463 εἴρηται
663 407 772 462 ᾤοντό
788 425 822 447 τι
839 414 948 447 ποιεῖν
963 408 1020 454 οὒς
1036 408 1197 461 ὑστέρους
1216 408 1331 461 εἴρηκε

293 475 361 510 τῶν
386 469 563 522 ἀρχαίων,
584 468 615 507 οἱ
644 467 707 518 μὲν
728 469 952 520 ἀφαιροῦντες
977 468 1014 506 τὸ
1042 467 1136 506 ἔστιν
1167 467 1236 506 ἀπὸ
1263 470 1331 506 τῶν

294 528 568 580 συμὸεὸηκότων
581 557 592 575 ,
612 528 642 564 οἱ
664 525 700 564 δὲ
719 526 1005 578 παρεκκλίνοντες
1024 527 1083 566 καὶ
1100 526 1333 579 μεταρρυθμί-

293 591 407 632 ζοντες
433 585 495 632 τὴν
518 584 632 635 λέξιν,
654 583 711 622 ἐπὶ
738 583 774 622 δὲ
799 588 857 623 τοῦ
879 586 923 627 ὡς
945 584 1025 623 ὅλου
1044 584 1104 623 καὶ
1125 585 1247 638 μέρους
1273 587 1333 623 οὐκ

292 647 428 698 ἔχοντες
450 644 613 691 τοιαύτην
635 642 796 681 ἔνστασιν
817 642 901 695 πρὸς
929 642 968 681 τὸ
988 642 1161 696 σόφισμα,
1183 643 1329 682 ἐνεδίδο-

293 722 371 744 σαν.
428 702 534 742 ’Έστι
555 702 615 752 δέ,
637 701 741 754 φησί,
760 701 800 740 τὸ
825 701 902 740 ὅλον
923 700 960 740 ἔν
981 717 1019 739 τε
1042 702 1101 739 καὶ
1127 701 1240 739 πολλά
1255 731 1264 746 ,
1297 703 1334 739 οὐ

293 766 384 803 κατὰ
411 761 536 800 ταύτὸν
562 759 646 811 μέν,
678 759 754 799 ἀλλ’
788 760 983 814 ἐντελεχείᾳ
1011 759 1074 811 μὲν
1099 759 1157 808 ἕν,
1189 759 1333 808 δυνάμει

294 823 329 861 δὲ
354 821 470 861 πολλά
485 851 495 870 ,
513 819 605 858 ὥστε
623 820 653 857 εἷ
674 819 794 868 μέλλει
810 819 904 865 καὶὴ
928 818 996 856 ἀπὸ
1019 821 1086 857 τῶν
1107 817 1331 868 συμὸεὸηκό-

293 898 360 920 των
390 879 516 932 ἀπορία
536 878 696 925 λύεσθαι,
716 880 831 921 καλῶς
851 880 869 915 ὁ
893 878 1086 931 Πορφύριος
1113 877 1152 916 τὸ
1173 877 1239 915 ὑπὸ
1267 880 1327 914 τοῦ

294 940 546 992 Ἀριστοτέλους
565 937 748 989 ᾐνιγμένον
767 935 825 975 διὰ
839 940 898 974 τοῦ
915 939 959 980 ὡς
974 939 1136 988 μοναχῶς
1148 934 1333 987 λεγομένου

293 999 315 1045 ἢ
335 1002 396 1037 τοῦ
417 997 488 1041 ἑνὸς
509 995 531 1042 ἢ
560 999 621 1034 τοῦ
652 994 767 1044 ὄντος,
786 995 902 1033 πολλὰ
933 995 968 1033 δὲ
989 995 1032 1032 τὰ
1054 994 1135 1033 ὄντα
1158 993 1279 1041 ἐνόησέ
1298 1009 1334 1031 τε

295 1057 355 1095 καὶ
374 1056 532 1108 ἐξέφηνεν
563 1053 801 1104 ἐνδειξαμένου
827 1054 889 1104 μέν
917 1069 989 1096 πως
1008 1052 1146 1092 καὶτοῦ
1171 1052 1335 1102 Εὖδήμου

295 1117 332 1155 τὸ
351 1121 484 1154 τοιοῦτο
505 1113 564 1152 καὶ
593 1114 699 1151 αὐτοῦ
721 1112 755 1151 δὲ
781 1112 842 1160 τὴν
861 1111 959 1151 λύσιν
980 1114 1028 1156 εἷς
1044 1112 1084 1150 τὸ
1108 1111 1250 1161 δυνάμει
1276 1110 1334 1148 καὶ

294 1174 448 1227 ἐνεργείᾳ
477 1171 785 1215 κατακλείσαντος.
842 1169 954 1210 Οὐδὲν
976 1170 1010 1208 δὲ
1029 1170 1110 1214 ἴσως
1130 1171 1245 1222 χεῖρον
1275 1168 1334 1207 καὶ

293 1232 337 1272 τὰ
360 1233 524 1282 Εὗδήμου
545 1231 760 1285 παραθέσθαι
778 1230 933 1274 πλείονος
955 1232 1021 1268 τῶν
1041 1228 1235 1279 λεγομένων
1253 1230 1333 1266 ἐπι-

296 1292 451 1336 στάσεως
483 1291 598 1330 ἕνεκα.
656 1287 763 1341 Ἔχει
794 1289 830 1328 δὲ
863 1283 930 1327 ὧδε
958 1293 980 1337 ἡ
1017 1288 1106 1339 μετὰ
1138 1286 1198 1331 τὰς
1225 1290 1335 1326 ἀπαν-

295 1352 411 1398 τήσεις
447 1350 536 1394 λέξις
572 1349 634 1393 τὰς
669 1348 753 1400 πρὸς
788 1348 831 1386 τὰ
870 1353 929 1386 τοῦ
968 1347 1040 1390 ἑνὸς
1080 1345 1335 1396 σημαινόμενα.

295 1429 311 1445 «
331 1404 420 1461 ’Ἆρα
447 1403 505 1447 οῦν
536 1411 636 1445 τοῦτο
669 1406 731 1456 μὲν
759 1407 820 1444 οὐκ
845 1405 937 1444 ἔστιν
962 1405 1020 1451 ἔν,
1052 1403 1086 1441 ἓν
1118 1403 1152 1441 δὲ
1176 1404 1209 1441 τί
1238 1404 1332 1448 ἐστι,

296 1471 408 1508 Τοῦτο
438 1467 507 1519 γὰρ
527 1468 691 1516 ἠπορεῖτο
705 1494 716 1512 ,
740 1463 800 1502 καὶ
821 1463 967 1510 Ζήνωνά
990 1478 1073 1515 φασι
1103 1462 1213 1512 λέγειν
1235 1461 1266 1499 εἴ
1287 1476 1336 1503 τις

298 1529 392 1579 αὐτῷ
412 1526 451 1563 τὸ
473 1524 507 1562 ἓν
532 1523 678 1569 ἀποδοίη
702 1523 735 1561 τί
757 1522 841 1561 ποτέ
864 1525 976 1570 ἐστιν,
999 1521 1085 1566 ἕξειν
1103 1520 1147 1558 τὰ
1167 1521 1248 1559 ὄντα
1278 1520 1336 1559 λέ-

294 1601 365 1637 γειν
379 1615 389 1633 ,
411 1583 468 1623 διὰ
487 1583 526 1621 τὸ
553 1585 621 1620 τῶν
646 1582 708 1632 μὲν
729 1583 901 1628 αἰσθητῶν
933 1580 1078 1620 ἕκαστον
1098 1582 1336 1631 κατηγορικῶς

296 1644 409 1682 πολλὰ
429 1642 589 1693 λέγεσθαι
619 1642 678 1678 καὶ
708 1641 890 1692 μερισμῷ,
911 1640 976 1686 τὴν
1003 1639 1039 1677 δὲ
1072 1638 1221 1689 στιγμὴν
1247 1637 1337 1688 μηδὲ

295 1701 330 1739 ἓν
355 1700 484 1740 τιθέναι
514 1700 599 1750 (alii
621 1714 654 1736 τι
676 1693 799 1750 εἶναι).
857 1697 908 1736 ιῸ
940 1698 1008 1750 γὰρ
1038 1698 1127 1747 μήτε
1155 1696 1336 1748 προστιθέ-

299 1774 400 1810 μενον
427 1757 521 1802 αὔξει
541 1757 630 1807 μήτε
656 1755 911 1809 ἀφαιρούμενον
942 1758 1052 1806 μειοῖ,
1076 1757 1138 1793 οὐκ
1158 1754 1244 1807 ᾤετο
1269 1757 1335 1793 τῶν

297 1818 406 1857 ὄντων
427 1812 528 1856 εἶναι.
588 1818 632 1855 Εἰ
662 1817 698 1853 δέ
721 1831 771 1859 τις
797 1815 856 1853 καὶ
885 1814 944 1858 τὰς
964 1816 1086 1858 λοιπὰς
1106 1814 1338 1867 προσηγορίας

298 1878 501 1929 (Brandis.
532 1874 764 1927 κατηγορίας)
793 1874 1040 1926 προσεπιθείη,
1066 1874 1268 1926 πιστότερον
1297 1874 1337 1911 ἂν

297 1935 572 1975 κατασκευάσειν
594 1932 645 1971 ἔτι
662 1933 718 1971 τὸν
739 1933 854 1984 λόγον.
911 1934 965 1971 Οὐ
991 1927 1148 1986 φαίνεται
1173 1931 1241 1984 γὰρ
1261 1931 1339 1970 οὔτε

299 1996 419 2034 οὐσίαν
432 2023 443 2043 ,
463 1993 541 2032 οὔτε
560 1993 657 2032 ποιὸν
675 1996 696 2039 ἡ
720 1991 850 2044 στιγμὴ
874 1996 1021 2030 ποιοῦσα
1036 2022 1045 2038 ,
1070 1990 1148 2030 οὔτε
1169 1992 1252 2029 ἄλλο
1271 1994 1338 2029 τῶν

299 2052 390 2092 κατὰ
425 2052 486 2096 τὰς
521 2051 701 2104 διαιρέσεις
737 2051 848 2091 οὐδέν.
908 2052 953 2089 Εἰ
988 2050 1023 2088 δὲ
1059 2053 1079 2097 ἡ
1116 2049 1178 2100 μὲν
1210 2050 1338 2101 στιγμὴ

300 2114 476 2156 τοιοῦτον,
498 2111 598 2159 ἡμῶν
628 2108 660 2147 δ’
691 2109 835 2152 ἕκαστος
863 2108 977 2148 πολλὰ
998 2108 1134 2158 λέγεται
1163 2102 1250 2147 εἶναι
1271 2103 1339 2147 οἷον

300 2170 440 2218 λευκός,
460 2168 621 2220 μουσικὸς
648 2167 708 2206 καὶ
728 2166 842 2205 πολλὰ
873 2166 994 2219 ἕτερα,
1017 2167 1142 2217 ὁμοίως
1172 2167 1207 2205 δὲ
1235 2167 1295 2205 καὶ
1324 2170 1341 2205 ὃ

300 2229 412 2272 λίθος·
431 2227 570 2281 ἄπειρος
586 2225 654 2279 γὰρ
673 2230 695 2274 ἡ
723 2229 861 2277 θραῦσις
881 2225 1048 2272 ἑκάστου,
1067 2229 1140 2269 πῶς
1161 2225 1203 2263 ἂν
1223 2226 1276 2272 εἴη
1302 2225 1341 2263 τὸ

299 2286 358 2334 ἕνς
377 2285 474 2339 Πρὸς
495 2285 557 2336 μὲν
577 2278 642 2323 οῦν,
656 2283 717 2327 τὰς
736 2283 947 2345 κατηγορίας
970 2283 1051 2321 ἔνιοι
1073 2284 1135 2334 μὲν
1153 2286 1213 2322 οὐκ
1234 2283 1341 2337 ᾤοντο

302 2347 371 2384 δεῖν
391 2344 431 2383 τὸ
457 2344 548 2383 ἔστιν
572 2343 767 2395 ἐπιλέγειν,
798 2346 844 2381 ὧν
867 2343 926 2380 καὶ
951 2343 1143 2396 Λυκόφρων
1171 2337 1211 2389 ἦν
1226 2374 1236 2392 ,
1266 2343 1342 2381 ἀλλ’
1377 2356 1380 2360 ’

301 2404 478 2455 ἄνθρωπον
501 2402 564 2452 μὲν
584 2401 700 2452 ἔλεγον
723 2395 825 2449 εἶναι,
843 2399 1023 2452 ἄνθρωπον
1045 2400 1080 2439 δὲ
1108 2401 1229 2438 λευκὸν
1255 2394 1342 2438 εἶναι

301 2463 363 2500 οὐκ
380 2462 525 2514 ἔφασαν,
546 2460 672 2509 ὁμοίως
691 2459 726 2498 δὲ
743 2459 803 2498 καὶ
820 2462 888 2498 τῶν
916 2459 1031 2497 ἄλλων
1050 2457 1196 2497 ἕκαστον
1211 2475 1219 2484 ·
1234 2460 1341 2497 οὖδα-

303 2523 368 2570 μοῦ
388 2520 456 2571 γὰρ
476 2520 514 2557 τὸ
537 2512 626 2557 εἶναι
643 2521 860 2571 προσῆπτον,
886 2519 962 2556 ἀλλ’
988 2517 1023 2556 ἓν
1046 2516 1069 2565 ἢ
1095 2517 1172 2556 καθ’
1197 2516 1344 2556 ἕκαστον

310 2579 418 2628 (add.
454 2579 608 2631 ἔλεγον).
645 2576 796 2617 Πλάτων
827 2577 862 2616 δὲ
888 2576 927 2615 τὸ
951 2576 1043 2615 ἔστιν
1073 2579 1134 2615 οὐκ
1154 2575 1242 2628 ᾤετο
1275 2592 1342 2624 ση-

305 2638 439 2688 μαίνειν
460 2637 545 2689 ὅπερ
571 2635 629 2674 ἐπὶ
649 2640 707 2675 τοῦ
729 2635 928 2688 ἀνθρώπου,
950 2636 1028 2673 ἀλλ’
1049 2634 1167 2685 ὥσπερ
1193 2634 1232 2673 τὸ
1262 2633 1344 2687 φρό-

303 2696 401 2747 νιμός
431 2695 561 2733 ἔστιτὸ
581 2701 716 2747 φρονεῖν
738 2695 798 2733 καὶ
830 2694 868 2732 τὸ
889 2693 1083 2745 καθήμενός
1112 2695 1186 2732 ἐστι
1215 2692 1254 2732 τὸ
1283 2710 1344 2732 κα-

306 2759 445 2804 θῆσθαι,
465 2754 556 2793 οὕτω
571 2754 632 2792 καὶ
649 2755 706 2793 ἐπὶ
725 2757 793 2792 τῶν
814 2753 929 2792 ἄλλων
949 2755 1022 2805 ἔχει
1040 2753 1100 2791 καὶ
1117 2754 1147 2790 εἷ
1167 2752 1216 2802 μὴ
1234 2753 1346 2791 κεῖται

302 2815 476 2866 ὀνόματα.
535 2814 628 2865 Πρὸς
668 2813 730 2863 μὲν
775 2807 833 2851 οῦν
875 2812 918 2850 τὰ
956 2814 1195 2865 κατηγορικῶς
1233 2810 1346 2850 πολλὰ

342 2878 472 2914 ’,ιοῦντα
498 2870 538 2909 τὸ
562 2871 599 2909 ἓν
619 2875 738 2910 τοῦτον
759 2870 922 2917 ἀπήντων
950 2869 1008 2908 τὸν
1036 2869 1182 2922 τρόπον,
1203 2868 1286 2922 πρὸς
1312 2868 1347 2907 δὲ

310 2933 353 2972 τὰ
374 2930 465 2971 κατὰ
487 2931 654 2983 μερισμὸν
675 2931 738 2969 οὒκ
763 2930 949 2982 εὐπόρουν.
981 2928 1089 2969 Ἔστι
1111 2930 1161 2978 δέ,
1183 2931 1229 2971 ὣς
1245 2930 1347 2977 ἔοικε,

309 2992 350 3031 τὸ
370 2989 526 3043 διορίζειν
542 2991 690 3027 ἕκαστον
703 2991 871 3040 ποσαχῶς
887 2986 1038 3040 λέγεται,
1054 2988 1144 3040 μέγα
1163 2987 1249 3040 πρὸς
1265 2987 1350 3034 ἀλή-

310 3057 420 3091 θειαν.
480 3048 630 3088 Πλάτων
649 3064 686 3086 τε
708 3047 775 3098 γὰρ
797 3047 991 3099 εἰσαγαγὼν
1012 3048 1052 3087 τὸ
1078 3046 1194 3086 δισσὸν
1217 3046 1348 3090 πολλὰς

312 3109 459 3162 ἀπορίας
479 3109 579 3147 ἔλυσε
605 3106 845 3159 πραγμάτων,
874 3100 921 3144 ὧν
949 3106 1045 3158 (leg.
1069 3107 1120 3159 ἐφ’
1152 3105 1193 3156 ὃ)
1227 3109 1283 3143 νῦν
1318 3107 1350 3144 οἱ

313 3167 474 3221 σοφισταὶ
491 3165 781 3219 καταφεύγουσιν,
799 3163 917 3215 ὥσπερ
936 3164 992 3201 ἐπὶ
1014 3164 1056 3201 τὰ
1078 3165 1166 3214 εἴδη,
1186 3163 1245 3202 καὶ
1266 3164 1351 3215 πρὸς

312 3227 447 3271 τούτοις
469 3225 622 3275 τοῦνομα
643 3225 712 3262 τῶν
738 3224 849 3276 λόγων
881 3222 1048 3275 ἀφώρισε.
1107 3222 1201 3275 Πρὸς
1224 3222 1261 3261 δὲ
1289 3225 1349 3270 τὴν

312 3290 371 3325 τοῦ
402 3285 475 3330 ἑνὸς
503 3283 651 3336 ἀπορίαν
679 3282 760 3326 ἄκος
789 3282 898 3334 ἐφάνη
917 3285 939 3329 ἡ
970 3285 1028 3320 τοῦ
1048 3281 1142 3326 ὄντος
1171 3281 1351 3333 διαίρεσις.

312 3338 385 3384 ὟΗν
406 3346 434 3383 δ’
461 3343 550 3391 αὕτη
573 3347 643 3386 τοῖς
667 3342 910 3395 φιλοσοφοῦσιν
934 3340 1114 3390 ἐμπόδιος,
1136 3340 1195 3378 καὶ
1222 3340 1277 3378 ἐπὶ
1299 3357 1352 3390 μι-

314 3402 396 3455 κρὸν
427 3405 581 3455 ἐχρῶντο
600 3402 704 3453 αὐτῇ.
762 3397 871 3439 ’Ἔστι
891 3399 926 3438 δὲ
947 3399 1050 3451 σοφὸν
1071 3399 1109 3436 τὸ
1136 3401 1251 3443 καλῶς
1270 3400 1353 3437 ἑκά-

316 3476 388 3515 στῳ
405 3464 575 3518 χρῆσθαι.
630 3458 682 3500 Οἵ
698 3475 735 3498 τε
753 3459 820 3512 γὰρ
832 3461 907 3503 ταῖς
925 3460 1049 3511 ἀρχαῖς
1065 3457 1240 3510 χρώμενοι
1258 3457 1352 3496 οὐδὲν

974 260 1175 302 EUDEMI
1205 260 1380 301 RHODII
1413 261 1769 301 PERIPATETIGI

1391 349 1602 402 προάγουσιν
1634 351 1675 400 (ἡ
1709 349 1776 402 γὰρ
1805 349 1898 403 ἀρχὴ
1925 350 2115 404 πολύχουν)
2136 350 2172 390 οἵ
2192 367 2230 392 τε
2250 351 2355 405 [τὰς]
2375 344 2426 407 μὴ

1393 409 1504 462 ἀρχὰς
1523 409 1722 458 ποιούμενοι
1743 409 1951 446 ἀδυνατοῦσι
1965 410 2122 462 προϊέναι
2136 410 2192 449 διὰ
2207 411 2248 450 τὸ
2263 411 2312 462 μὴ
2333 411 2427 464 ἔχειν

1393 470 1451 518 ἀφ’
1478 462 1531 506 οἷ.
1591 466 1771 520 Ἐνεργείᾳ
1799 466 1914 505 δὲκαὶ
1943 467 2086 518 δυνάμει
2110 468 2344 519 ἐπιστήμονας
2361 468 2425 520 μὲν

1393 527 1508 578 ἔλεγον
1534 527 1594 565 καὶ
1615 525 1787 578 ἀνδρείους
1806 524 1865 563 καὶ
1885 524 1949 564 ὅσα
1972 530 2136 575 τοιαῦτα,
2157 527 2192 566 ἓν
2211 527 2248 567 δὲ
2263 529 2326 568 οὔκ
2347 527 2427 567 ἔλε-

1392 599 1450 635 γον
1471 583 1548 622 οὐδὲ
1568 582 1694 624 πολλά.
1754 582 1926 622 Φαίνεται
1957 583 1993 621 δὲ
2016 584 2095 636 περὶ
2122 585 2235 624 πάντα
2252 587 2300 630 ὣς
2317 587 2428 625 εἰπεῖν

1394 646 1414 689 ἡ
1434 643 1594 696 διαίρεσις
1611 643 1712 691 αὕτη.
1771 643 1813 681 Εἰ
1829 641 1896 694 γὰρ
1914 642 1982 680 δέοι
2002 647 2096 693 ἡμᾶς
2109 642 2185 687 τοὺς
2203 641 2430 688 καθεύδοντας

1395 702 1565 752 ἀριθμεῖν,
1588 701 1710 745 εὐθέως
1731 702 1793 750 μὲν
1809 699 1987 752 ἄνθρωπον
2004 700 2064 739 καὶ
2084 699 2192 740 ἵππον
2209 699 2431 752 καταριθμῆτ*

1395 775 1522 810 σομεν,
1549 760 1678 813 καίπερ
1713 761 1852 798 πολλῶν
1880 760 1918 798 οὗ
1943 759 2178 798 καθευδόντων
2201 760 2247 803 εἷς
2271 758 2334 808 τὴν
2363 757 2432 799 δύη

1394 833 1496 869 ναμιν
1518 821 1630 857 αὐτῶν
1651 817 1907 861 ἀποῦλέποντες
1919 848 1929 866 ,
1953 818 2032 868 περὶ
2050 821 2120 856 τῶν
2139 818 2269 869 ἰχθύων
2289 817 2326 856 δὲ
2344 819 2431 857 ἀπο-

1397 877 1545 928 ρήσομεν
1571 877 1630 915 καὶ
1666 878 1852 928 βαδιοῦμεν
1883 878 1929 920 εἷς
1952 876 2029 920 τοὺς
2058 877 2181 920 ἁλιεῖς.
2241 875 2304 916 Ἐν
2328 875 2367 915 δὲ
2387 879 2430 927 τῇ

1394 936 1486 988 οἰκίᾳ
1505 935 1582 980 τοὺς
1604 935 1830 979 καθεύδοντας
1852 938 2076 988 ἀριθμοῦντες
2093 934 2243 979 πολλοὺς
2260 933 2432 988 παραλεί-

1393 996 1504 1047 ψομεν
1527 994 1725 1047 ἀνθρώπους
1744 994 1803 1032 καὶ
1828 992 1977 1045 ἵππους,
2000 994 2110 1047 ἄνπερ
2129 986 2196 1033 ῶσι
2218 993 2280 1034 καὶ
2303 993 2353 1044 μὴ
2373 1009 2433 1033 κα·

1395 1054 1552 1093 θεύδωσι.
1611 1055 1724 1110 Δῆλον
1755 1048 1813 1092 οὖν
1839 1055 1884 1096 ὥς
1904 1053 2069 1105 πρότερον
2097 1054 2146 1097 εἷς
2171 1053 2236 1101 τὴν
2261 1051 2431 1104 δύναμιν,

1395 1112 1538 1163 ὕστερον
1566 1112 1602 1150 δὲ
1628 1115 1676 1156 εἷς
1703 1112 1765 1159 τὴν
1786 1109 2252 1163 ἐνέργειανάποὸλέπομεν·
2279 1111 2370 1151 οὕτω
2389 1110 2432 1156 δὴ

1395 1170 1456 1209 καὶ
1471 1170 1506 1209 ἕν
1526 1186 1563 1208 τε
1590 1170 1649 1208 καὶ
1669 1170 1781 1208 πολλὰ
1809 1170 1868 1207 καὶ
1897 1169 2038 1220 δυνάμει
2066 1169 2126 1208 καὶ
2146 1169 2301 1224 ἐνεργείᾳ
2320 1169 2430 1210 ἐστίν.

1396 1228 1574 1281 Ἐνεργείᾳ
1595 1228 1657 1278 μὲν
1687 1223 1745 1266 οῦν
1769 1229 1875 1280 ἄμφω
1895 1228 2056 1266 οὐδέποτε
2075 1230 2125 1281 τῷ
2146 1230 2241 1281 αὗτῷ
2269 1228 2433 1282 ὓπάρχει.

1396 1287 1571 1327 Φαίνεται
1591 1286 1628 1325 δὲ
1645 1293 1744 1326 τοῦτο
1765 1287 1894 1325 ἄτοπον
1907 1316 1916 1333 ,
1936 1286 1975 1325 τὸ
1995 1286 2029 1324 δὲ
2047 1286 2203 1340 ἐνεργείᾳ
2227 1286 2264 1325 ἓν
2290 1286 2436 1337 δυνάμει

1396 1347 1511 1385 πολλά
1539 1347 1654 1391 ἐστιν,
1684 1345 1780 1397 εἴπερ
1810 1348 1878 1383 τῶν
1903 1347 2074 1397 μεριστῶν
2096 1348 2205 1384 ἐστιν.
2265 1344 2377 1384 Οὖδὲν
2397 1345 2433 1385 δὲ

1399 1404 1538 1444 ἄτοπον.
1597 1405 1650 1443 Οὐ
1678 1403 1745 1455 γὰρ
1782 1403 1920 1442 ἐναντία
1949 1403 2058 1443 ταῦτά
2091 1405 2200 1445 ἐστιν.
2259 1403 2434 1443 ofin-»183

1398 1465 1456 1502 καὶ
1486 1466 1520 1502 ἐν
1548 1466 1598 1516 τῷ
1633 1465 1724 1515 αὐτῷ
1757 1461 1842 1515 λίθῳ
1875 1462 1989 1500 πολλὰ
2019 1463 2142 1514 ἔσται,
2172 1456 2242 1502 οἷον
2271 1460 2436 1514 “Ερμ’ἥς,

1398 1523 1597 1574 (Ηρακλῆς,
1612 1522 1717 1575 μυρία
1731 1521 1845 1573 ἕτερα.
1866 1521 2098 1574 Δυνάμειγοίρ
2111 1523 2186 1560 ἐστι
2196 1521 2312 1561 πάντα
2325 1523 2436 1559 ταῦτα

1398 1585 1431 1621 ἐν
1449 1582 1578 1633 τούτῳ,
1597 1580 1752 1634 ἐνεργείᾳ
1774 1580 1810 1619 δὲ
1832 1580 1868 1619 ἓν
1891 1580 1991 1630 μόνον
2005 1597 2014 1605 ·
2036 1580 2081 1618 τὰ
2099 1580 2134 1618 δὲ
2153 1579 2307 1633 ἐνεργείᾳ
2323 1579 2436 1619 πολλὰ

1398 1645 1457 1681 οὐκ
1483 1640 1558 1679 ἔστι
1587 1640 1732 1688 δυνάμει
1752 1638 1809 1687 ἕν,
1832 1640 1908 1677 ἀλλ’
1928 1639 1993 1677 ὅσα
2015 1639 2192 1690 σύγκειται
2212 1639 2246 1677 ἐν
2273 1638 2347 1688 ἑνί,
2367 1631 2436 1677 οἷον

1401 1700 1566 1747 ἑστάναι,
1600 1702 1787 1745 καθ’-ἧσθαι.
1845 1698 2001 1748 Δυνάμει
2029 1699 2098 1750 γὰρ
2129 1698 2204 1748 ἅμα
2230 1697 2310 1748 περὶ
2331 1698 2371 1736 τὸ
2401 1697 2437 1737 ἓν

1398 1759 1450 1806 εἴη
1466 1758 1520 1805 ἄν,
1536 1756 1687 1810 ἐνεργείᾳ
1707 1756 1743 1795 δὲ
1760 1757 1813 1796 οὔ.
1872 1759 1915 1796 Εἰ
1934 1755 1969 1794 δὲ
1985 1761 2101 1809 παρῆν
2119 1757 2257 1805 Ζήνων,
2277 1755 2438 1808 ἐλέγομεν

1399 1818 1440 1856 ἂν
1469 1816 1552 1868 πρὸς
1580 1816 1683 1854 αὐτὸν
1711 1816 1790 1868 περὶ
1812 1818 1873 1854 τοῦ
1899 1814 1990 1861 ἑνός,
2015 1814 2168 1867 ἐνεργείᾳ
2189 1814 2241 1854 ὅτι
2268 1815 2334 1853 οὐκ
2365 1814 2439 1853 ἔστι

1399 1875 1524 1916 πολλά.
1580 1875 1649 1913 Τὸ·
1669 1874 1730 1925 μὲν
1765 1874 1832 1927 γὰρ
1862 1873 1986 1926 κυρίως
2012 1875 2106 1926 αὐτῷ
2133 1874 2303 1926 ὖπάρχει,
2333 1874 2376 1912 τὰ
2402 1873 2439 1912 δὲ

1400 1934 1490 1973 κατὰ
1509 1933 1668 1983 δύναμιν.
1725 1932 1847 1976 Οὕτως
1866 1926 1924 1970 οῦν
1946 1931 1982 1969 ἓν
2002 1932 2061 1970 καὶ
2088 1931 2204 1970 πολλὰ
2222 1932 2262 1970 τὸ
2281 1931 2366 1971 αὐτὸ
2386 1931 2439 1982 γί-

1401 2009 1497 2032 νεται
1511 2023 1521 2043 ,
1549 1991 1701 2044 ἐνεργείᾳ
1724 1992 1759 2030 δὲ
1789 1992 1929 2043 θάτερον
1953 1991 2079 2042 μόνον,
2103 1990 2178 2041 ἅμα
2199 1989 2235 2029 δὲ
2256 1990 2362 2042 ἄμφω
2381 1991 2440 2028 οὖ-

1404 2053 1541 2091 δέποτε.
1602 2069 1616 2085 «
1637 2053 1679 2089 E}
1700 2051 1734 2088 δὲ
1753 2050 1996 2099 συνεπείθομεν
2019 2049 2121 2088 αὐτὸν
2141 2054 2250 2088 ταῦτα
2269 2048 2440 2100 λέγοντες,

1400 2110 1560 2160 ἠξιοῦμεν
1592 2109 1631 2148 ἂν
1659 2108 1720 2155 τὴν
1749 2109 1939 2160 ὑπόσχεσιν
1969 2107 2191 2155 ἀποδιδόναι,
2221 2101 2300 2160 ἕνῇ
2327 2110 2346 2147 ὁ
2378 2107 2440 2157 μὲν

1405 2173 1465 2206 τοῦ
1496 2168 1655 2215 Ζήνωνος
1674 2169 1772 2218 λόγος
1794 2167 1896 2210 ἄλλος
1915 2182 1965 2210 τις
1995 2165 2103 2205 ἔοικεν
2123 2159 2222 2209 οἶτος
2251 2158 2340 2204 εἶναι
2354 2160 2444 2216 ,παρ’

1404 2229 1532 2266 ἐκεῖνον
1552 2228 1617 2266 τὸν·
1630 2229 1664 2265 ἐν
1688 2223 1813 2278 βιὸλίῳ
1833 2225 2019 2278 φερόμενον
2033 2255 2043 2272 ,
2062 2219 2180 2263 οῧ·κα“ι
2196 2227 2214 2263 ὁ
2233 2226 2385 2264 Πλάτων
2405 2225 2441 2263 ἐν

1402 2288 1452 2338 τῷ
1479 2284 1685 2338 Παρμενίδῃ
1719 2284 1914 2334 μέμνηται·
1937 2284 2009 2320 ἐκεῖ
2038 2281 2100 2332 μὲν
2123 2281 2189 2334 γὰρ
2213 2279 2266 2320 ὅτι
2285 2282 2347 2320 οὔκ
2366 2280 2441 2320 ἔστι

1403 2343 1518 2382 πολλά
1532 2374 1541 2391 ,
1559 2343 1710 2381 δείκνυσι
1733 2345 1866 2394 βοηθῶν
1888 2342 1927 2379 ἐκ
1941 2344 2000 2378 τοῦ
2018 2337 2256 2389 ἀντικειμένου
2271 2340 2321 2390 τῷ
2343 2339 2446 2390 [lapi

1404 2402 1525 2454 μενίδῃ
1549 2401 1585 2440 ἓν
1610 2394 1697 2440 εἶναι
1724 2401 1878 2452 λέγοντι,
1907 2401 2055 2437 ἐνταῦθα
2087 2397 2146 2445 δέ,
2164 2399 2211 2442 ὥς
2230 2399 2248 2435 ὁ
2278 2395 2444 2446 Εὔδημός

1405 2477 1512 2515 φησι,
1540 2461 1600 2500 καὶ
1629 2459 1749 2512 ἀνῄρει
1778 2458 1817 2497 τὸ
1846 2457 1896 2496 ἕν.
1954 2455 2026 2503 Τὴν
2056 2455 2123 2507 γὰρ
2153 2454 2303 2506 στιγμὴν
2334 2458 2380 2499 ὡς
2405 2454 2444 2493 τὸ

1404 2520 1440 2559 ἓν
1458 2514 1547 2558 εἶναι
1563 2519 1676 2570 λέγει,
1699 2518 1742 2556 τὰ
1762 2517 1797 2556 δὲ
1817 2515 1930 2554 πολλὰ
1950 2508 2037 2553 εἶναι
2054 2515 2243 2566 συγχωρεῖ.
2300 2512 2346 2553 Ὁ
2361 2513 2442 2563 μέν·

1406 2595 1459 2618 τοι
1477 2578 1696 2630 Ἀλέξανδρος
1712 2576 1772 2615 καὶ
1790 2578 1934 2614 ἐνταῦθα
1950 2577 2010 2612 τοῦ
2029 2573 2187 2620 Ζήνωνος
2203 2575 2249 2616 ὡς
2268 2572 2312 2610 τὰ
2327 2571 2443 2612 πολλὰ

1407 2641 1624 2691 ἀναιροῦντος
1646 2637 1842 2687 μεμνῆσθαι
1872 2633 1931 2672 τὸν
1963 2631 2127 2682 Εὔδημον
2155 2630 2282 2669 οἴεται·
2307 2633 2354 2675 ὡς
2376 2630 2444 2684 γὰρ

1406 2701 1559 2749 ἱστορεῖ,
1581 2711 1684 2748 φησιν
1706 2693 1886 2744 Εὔδημος,
1908 2691 2029 2739 Ζήνων
2057 2691 2074 2728 ὃ
2099 2689 2321 2741 Παρμενίδου
2348 2689 2438 2740 γνώ-

1410 2771 1525 2808 ριμος,
1551 2757 1713 2806 ἐπειρᾶτο
1741 2751 1934 2798 δεικνύναι,
1961 2749 2014 2788 ὅτι
2042 2749 2092 2800 μὴ
2121 2741 2193 2787 οἶόν
2222 2763 2261 2787 τε
2287 2746 2333 2786 τὰ
2360 2747 2443 2786 ὄντα

1407 2813 1522 2853 πολλὰ
1541 2806 1629 2852 εἷναι
1658 2815 1705 2865 τῷ
1727 2810 1834 2860 μηδὲν
1860 2803 1948 2848 εἶναι
1979 2810 2012 2846 ἐν
2042 2812 2112 2850 τοῖς
2136 2802 2231 2846 offam
2252 2806 2306 2855 ἐν,
2334 2805 2379 2845 τὰ
2408 2806 2444 2845 δὲ

1408 2872 1523 2912 πολλὰ
1542 2873 1672 2918 πλῆθος
1691 2864 1780 2909 εἶναι
1805 2869 1946 2907 ἑνάδων.
2005 2869 2077 2906 Καὶ
2100 2864 2152 2904 ὅτι
2170 2865 2232 2916 μὲν
2252 2866 2319 2918 οὐχ
2335 2867 2382 2908 ὡς
2401 2864 2446 2903 τὰ

1408 2931 1523 2971 πολλὰ
1552 2934 1771 2983 ἀναιροῦντος
1797 2927 1956 2974 Ζήνωνος
1984 2924 2144 2974 Εὔδημος
2171 2922 2347 2974 μέμνηται
2368 2926 2444 2968 νῦν,

1410 2992 1513 3038 δῆλον
1530 2991 1569 3028 ἐκ
1584 2992 1646 3039 τῆς
1666 2990 1770 3027 αὐτοῦ
1786 2986 1909 3031 λέξεως
1924 3014 1934 3032 ,
1956 2977 2055 3034 οἶμαι
2076 2982 2112 3020 δὲ
2133 2981 2220 3033 μήτε
2239 2984 2273 3020 ἐν
2292 2983 2345 3034 τῷ
2364 2981 2445 3029 Ζή-

1408 3065 1514 3094 νωνος
1545 3047 1671 3102 βιὸλίῳ
1697 3049 1847 3085 τοιοῦτον
1879 3042 2091 3095 ἐπιχείρημα
2123 3041 2308 3093 φέρεσθαι,
2335 3034 2405 3079 οἷον
2428 3043 2447 3079 ὃ

1411 3105 1630 3160 Ἀλέξανδρός
1658 3121 1756 3159 φησι.
1816 3103 1888 3143 Καὶ
1908 3107 2007 3141 τοῦτο
2035 3100 2072 3139 δὲ
2099 3101 2138 3137 ἐκ
2162 3102 2230 3138 τῶν
2258 3098 2447 3152 εἰρημένων

1412 3168 1534 3214 δῆλον,
1555 3165 1608 3204 ὅτι
1633 3164 1692 3204 καὶ
1721 3166 1739 3202 ὃ
1768 3161 1932 3212 Εὔδημος
1951 3160 2013 3206 τὴν
2035 3157 2185 3210 ἀπορίαν
2205 3156 2274 3196 ἀπὸ
2301 3159 2362 3203 τῆς
2386 3159 2448 3194 τοῦ

1414 3224 1558 3276 δυνάμει
1577 3223 1638 3263 καὶ
1664 3221 1816 3275 ἐνεργείᾳ
1838 3221 2003 3272 διαφορᾶς
2022 3217 2140 3256 ἔλυσεν
2153 3232 2163 3240 ·
2183 3215 2392 3254 ἐνδείκνυται
2412 3213 2447 3252 δὲ

1412 3283 1494 3326 ἴσως
1511 3281 1571 3322 καὶ
1591 3282 1653 3328 τὴν
1674 3281 1742 3319 ἀπὸ
1759 3282 1821 3322 τῆς
1840 3281 1898 3316 τοῦ
1919 3279 2013 3320 ὄντος
2033 3276 2195 3327 διαφορᾶς
2212 3273 2311 3312 λύσιν
2333 3275 2351 3310 ὁ
2371 3271 2445 3311 EG*

1414 3344 1520 3391 δημος
1538 3344 1572 3380 ἐν
1602 3334 1651 3384 οἷς
1670 3354 1771 3392 φησι·
1822 3353 1841 3373 ι
1862 3335 1953 3388 Πρὸς
1973 3334 2008 3373 δὲ
2026 3334 2089 3381 τὴν
2111 3335 2171 3371 τοῦ
2202 3331 2274 3375 ἑνὸς
2300 3330 2448 3384 ἀπορίαν

1415 3399 1495 3443 ἄκος
1516 3398 1624 3452 ἐφάνη
1643 3401 1665 3444 ἡ
1691 3400 1749 3435 τοῦ
1769 3395 1863 3438 ὄντος
1883 3393 2062 3445 διαίρεσις.
2117 3385 2192 3430 ὟΗν
2211 3389 2247 3429 δὲ
2265 3389 2354 3437 αὕτη
2379 3392 2450 3431 ’τοῖς

1414 3460 1653 3510 φιλοσοφοῦσιν
1673 3454 1852 3506 ἐμπόδιος,
1867 3452 1927 3492 καὶ
1943 3451 2000 3490 ἐπὶ
2017 3450 2139 3503 μικρὸν
2153 3449 2276 3504 χρόνον
2295 3445 2449 3501 ἐχρῶντο
