2528 3788
277 216 357 253 232

277 305 347 340 οἱον
367 302 461 352 γένος
482 300 615 349 ἐκείνη,
632 300 726 339 ἀλλὰ
746 301 842 353 γένος
861 305 912 356 τῶ
931 303 1017 344 ὄντι.
1077 307 1164 360 Περὶ
1180 307 1311 356 ἐκείνης

276 355 334 399 ουν
332 359 480 457 ιλέγοιτ’
502 358 542 397 ἂν
555 363 618 407 τῆς
630 359 690 398 καὶ
707 360 751 399 τὰ
771 362 1021 412 συμὸεὸηκότα
1041 367 1307 421 περιεχούσης).

404 418 488 458 Ἔτι
509 419 572 456 οὐκ
593 412 682 456 εἶναί
710 435 821 493 φαμεν
854 422 974 462 οὐσίαν
1003 425 1161 464 ἐναντίαν
1191 427 1311 465 οὐσία·

279 481 346 519 τώς
361 481 418 515 οὐν
435 479 473 514 ἐκ
487 477 536 527 μὴ
554 480 676 516 οὐσιῶν
693 479 793 518 οὐσία
812 479 853 519 ἂν
870 481 947 529 εἴη·
937 512 948 534 ,
964 482 986 529 ἢ
1001 486 1074 528 πῶς
1089 484 1129 524 ἂν
1146 485 1310 538 πρότερον

276 536 323 583 μὴ
344 535 444 574 οὐσία
472 536 589 580 οὐσίας
611 535 688 585 εἴη·
678 567 689 585 ,

328 595 569 646 (Aristoteles
587 596 704 647 Phys.
721 597 788 636 lib
805 598 920 650 lcap.
939 601 962 638 6
983 613 1070 652 pag.
1092 603 1178 652 189.
1195 616 1230 643 a.
1246 604 1310 644 32.

271 653 333 692 ed.
356 653 517 693 Bekker.
539 654 761 706 Simplicius
785 657 851 697 fol.
877 664 940 705 44.
960 659 1020 698 καὶ
1040 675 1140 700 τουτο
1167 662 1203 701 δὲ
1230 663 1312 702 αὐτὸ

277 712 448 762 ζητήσεως
465 712 558 757 ἄξιον
576 708 663 752 εἶναί
679 731 739 765 μοι
753 717 858 762 δοκεῖ,
877 719 950 762 πῶς
964 718 1102 771 εἴρηται
1115 719 1154 758 τὸ
1166 722 1240 765 πῶς
1253 714 1311 759 οῧν

270 789 309 811 εκ
331 772 379 822 μὴ
403 773 526 810 οὐσιῶν
548 773 688 811 οὐσία
671 789 711 811 αν
732 774 807 823 εἴη;
827 776 886 814 καὶ
915 777 982 829 γὰρ
1002 775 1080 817 οὐδὲ
1102 776 1170 817 ἔδει
1192 778 1311 822 οὐσίας

269 825 358 869 εἶναι
378 831 421 869 τὰ
440 833 503 877 τῆς
519 831 638 876 οὐσίας
667 839 836 886 στοιχεῖα.
869 837 914 875 Εἰ
934 836 1000 889 γὰρ
1027 837 1247 890 προϋπάρχει
1266 836 1310 875 τὰ

270 896 426 942 στοιχεῖα
446 895 506 930 τοῦ
527 897 753 944 στοιχειωτοῦ
770 894 829 932 καὶ
851 898 917 933 εἶεν
940 895 1038 935 οὐσία
1054 896 1097 935 τὰ
1113 898 1174 943 τῆς
1189 895 1309 940 οὐσίας

270 951 440 1001 στοιχεῖα,
469 949 538 1001 πρὸ
558 954 617 989 τοῦ
638 951 795 1002 γενέσθαι
815 952 876 1000 τὴν
905 954 1022 993 οὐσίαν
1044 954 1098 1003 εἴη
1127 954 1167 992 ἂν
1184 954 1303 1002 οὐσία,

269 1025 325 1048 και
340 1008 427 1053 ὅλως
442 1025 624 1063 πανταχου
641 1011 684 1049 τὰ
701 1018 855 1065 στοιχεῖα
876 1015 938 1052 οὐκ
952 1015 1042 1054 ἔστιν
1060 1014 1146 1069 ὅπερ
1160 1015 1203 1054 τὰ
1218 1029 1309 1053 στοι-

271 1068 423 1119 γειωτά·
441 1068 517 1107 οὔτε
537 1069 606 1123 γὰρ
620 1069 664 1107 τὰ
680 1074 740 1109 τοῦ
761 1071 942 1124 ἀνθρώπου
948 1074 1117 1148 ..στοιχεῖα
1135 1073 1310 1124 ἄνθρωποι

270 1127 347 1166 οὔτε
368 1127 411 1165 τὰ
425 1143 485 1174 της
505 1128 632 1181 σαρκὸς
648 1129 746 1181 σάρξ.
763 1130 912 1177 Μήποτε
929 1135 988 1170 οὐν
1008 1135 1029 1179 ἡ
1047 1132 1112 1179 ὕλη
1127 1131 1184 1171 καὶ
1206 1131 1245 1170 τὸ
1261 1123 1308 1170 ε’ἶ-

268 1187 332 1231 δος,
354 1187 430 1233 ἦτοι
450 1191 471 1234 ἡ
488 1188 658 1233 ἀντίθεσις
677 1195 834 1241 στοιχεῖα
848 1190 931 1229 ὄντα
949 1207 1012 1238 της
1031 1191 1156 1243 κυρίως
1175 1190 1306 1240 οὐσίας,

270 1245 358 1292 ιιύτη
382 1246 419 1283 δέ
448 1248 540 1285 ἐστιν
561 1250 582 1293 ἧ
609 1247 788 1298 σύνθετος,
812 1248 913 1287 οὐσία
933 1249 995 1300 μὲν
1022 1251 1099 1289 καθ’
1119 1250 1207 1288 αὐτὰ
1227 1249 1310 1288 ἑκά-

268 1319 352 1357 τερα
373 1306 434 1343 οὐκ
460 1304 546 1342 εἰσὶν
574 1305 655 1343 ἀλλ’
675 1305 823 1355 οὐσιώδη
842 1307 966 1357 μόνον,
987 1323 1047 1346 και
1067 1307 1215 1358 σώματα
1245 1306 1309 1356 μὲν

268 1364 330 1402 οὐκ
347 1363 434 1413 ἔστι,
449 1363 634 1414 σωματικὰ
650 1364 697 1412 δέ,
718 1367 763 1409 ὡς
780 1365 838 1404 καὶ
853 1368 870 1404 ὁ
891 1365 1054 1417 Εὔδημος
1072 1369 1172 1414 δηλοῖ
1185 1381 1310 1416 σωμα-

269 1422 383 1468 τοειδη
404 1423 522 1460 καλῶν
550 1421 612 1469 τὴν
632 1423 738 1470 ὕλην·
757 1423 964 1463 συνελθόντα
989 1424 1024 1462 δὲ
1052 1425 1152 1464 οὐσία
1171 1424 1230 1463 καὶ
1249 1425 1309 1463 οὗ·

269 1480 345 1524 σίας
379 1480 569 1519 ἀποδοτικά
598 1482 692 1533 ἐστι,
725 1481 776 1520 διὸ
805 1482 983 1535 οὐδέτερον
1014 1483 1092 1521 καθ’
1121 1482 1205 1521 αὐτὸ
1231 1482 1310 1521 οὔτε

267 1539 366 1579 οὐσία
387 1556 479 1579 εστιν
506 1539 584 1580 οὔτε
605 1541 724 1585 οὐσίας
741 1542 987 1594 ἀποδοτικόν).

323 1614 367 1639 17.
390 1599 515 1650 Ημμέ
500 1615 566 1638 ενοι
589 1599 650 1651 μὲν
669 1593 726 1639 οὖν
748 1617 806 1640 και
827 1600 937 1654 ἕτεροί
966 1600 1053 1645 τινές
1073 1603 1158 1641 εἰσιν
1180 1602 1307 1650 αὖτ’ἥς,

267 1660 343 1697 ἀλλ’
364 1660 428 1710 οὐχ
443 1660 586 1703 ἱκανῶς.
607 1661 752 1711 Πρῶτον
775 1660 837 1708 μὲν
854 1660 921 1712 γὰρ
942 1661 1166 1711 ὁμολογοῦσιν
1189 1659 1309 1703 ἁπλῶς

265 1717 418 1769 γίνεσθαί
435 1734 468 1755 τι
486 1720 524 1756 ἐκ
541 1718 589 1769 μὴ
605 1718 699 1762 ὄντος
719 1723 740 1771 ᾗ
763 1719 988 1772 Παρμενίδην
1003 1721 1109 1773 ὀρθῶς
1127 1719 1251 1770 λέγειν.

322 1778 576 1830 (Aristoteles
595 1779 712 1829 Phys.
737 1777 808 1818 lib.
833 1777 851 1816 I
884 1792 968 1830 cap.
994 1793 1018 1829 9
1036 1792 1126 1830 pag.
1154 1792 1243 1830 191.
1265 1778 1306 1818 b.

269 1837 316 1874 35
340 1837 407 1887 qui
428 1837 513 1875 sine
529 1837 651 1876 dubio
670 1837 744 1876 Pa1
747 1838 961 1886 memdem
983 1838 1195 1877 Eleaticum
1215 1837 1307 1889 phi-

268 1895 497 1946 losophum,
534 1896 599 1934 hic
643 1906 843 1939 memorat.
888 1896 1051 1935 Fallitur
1083 1897 1310 1949 Simplicius

267 1956 438 1994 Platonis
471 1955 744 1993 Parmenidem
775 1955 940 2005 intelligi
966 1964 1161 2004 statuens,
1193 1968 1306 2006 quem

266 2025 393 2054 tamen
438 2016 614 2066 sequitur
665 2015 890 2053 Brandisius
935 2024 1143 2054 comment.
1184 2014 1305 2055 Eleat.

265 2090 305 2127 p.
333 2075 417 2112 138.
448 2074 671 2124 Simplicius
694 2074 759 2111 fol.
792 2073 856 2111 53.
879 2073 923 2112 Ι).
949 2074 1076 2123 (conf.
1098 2073 1243 2114 Scholl.
1266 2074 1306 2112 in

264 2135 383 2172 Arist.
402 2146 491 2183 pag.
515 2133 603 2177 343.
623 2132 665 2172 b.
688 2133 750 2171 ed.
775 2132 951 2171 Brandis.
969 2132 1064 2183 )καὶ
1082 2133 1175 2171 δοκεῖ
1196 2147 1306 2170 ταυτα

265 2191 531 2240 ἀποτεινόμενος
561 2192 644 2243 πρὸς
684 2190 859 2230 Πλάτωνα
889 2191 1023 2240 λέγειν·
1053 2191 1155 2235 αὐτὸς
1177 2190 1244 2243 γὰρ
1272 2193 1306 2230 ἐν

264 2249 407 2301 Τιμαίῳ
429 2251 493 2301 (p.
515 2250 587 2300 5ο)
604 2249 712 2301 λέγων
735 2248 841 2299 μηδὲν
863 2251 931 2287 τῶν
948 2249 1053 2288 ὄντων
1071 2248 1225 2301 ἐνεργείᾳ
1244 2249 1307 2296 τὴν

265 2308 351 2356 ύλην
373 2312 461 2346 εἶναι
471 2308 545 2359 ,'(
530 2324 564 2346 εν
584 2311 634 2351 οἱς
653 2323 757 2360 φησιν
777 2307 831 2347 ὅτι
846 2310 917 2351 τοῖς
937 2307 1060 2347 εἴδεσιν
1081 2307 1305 2360 ὑποκείμενον

265 2370 327 2407 οὐκ
363 2368 403 2407 ἂν
430 2366 484 2414 εἴη
519 2367 849 2419 παρεσκευασμένον
879 2360 939 2414 εῧ,
966 2366 1056 2413 πλὴν
1091 2366 1246 2421 ἄμορφον
1270 2367 1306 2407 ὂν

265 2427 405 2466 ἐκείνων
438 2429 561 2464 πασῶν
596 2428 664 2464 τῶν
692 2427 816 2473 ἰδεῶν,
843 2424 925 2469 ὅσας
952 2425 1072 2476 μέλλει
1101 2426 1307 2479 δέχεσθαι),

221 2482 224 2485 ’
265 2485 464 2539 ἐφάψασθαί
492 2501 565 2528 πως
591 2486 684 2523 δοκεῖ
713 2485 772 2524 καὶ
799 2487 861 2532 τ’ῆς
885 2483 969 2532 ὕλης
998 2483 1057 2522 καὶ
1084 2487 1143 2531 τῆς
1182 2487 1306 2538 στερή-

266 2559 372 2588 σεως·
397 2543 436 2581 τὸ
457 2544 524 2597 γὰρ
545 2544 696 2596 πεφυκὸς
717 2543 878 2595 δέχεσθαι
898 2542 959 2582 καὶ
983 2542 1054 2593 μή,
1077 2542 1163 2593 μὴ’
1145 2559 1225 2596 εχον
1248 2542 1307 2594 δέ,

263 2601 512 2654 ἐστερῆσθαι
495 2618 535 2640 αν
567 2601 702 2653 λέγοιτο
734 2601 890 2646 δικαίως.
924 2601 995 2641 Καὶ
1024 2601 1063 2640 τὸ
1084 2602 1228 2652 δυνάμει
1248 2618 1307 2640 και

264 2661 419 2714 ἕνεργεία
440 2660 498 2699 καὶ
516 2676 555 2699 το
577 2661 653 2699 καθ’
674 2660 756 2699 αυτὸ
777 2660 836 2700 καὶ
853 2659 945 2699 κατὰ
966 2661 1191 2711 συμὸεὸηκὸς
1212 2663 1304 2714 πρῶ-

308 2808 357 2840 16.
381 2808 546 2839 Praeterea
569 2806 786 2839 substantiam
812 2816 878 2839 non
901 2817 976 2841 esse
1003 2808 1200 2841 contrariam
1226 2808 1307 2841 suh-

265 2863 397 2897 stantiae
422 2863 573 2895 dicimus
627 2865 700 2901 Quo
726 2864 821 2906 pacto
845 2863 944 2906 igitur
970 2864 1151 2897 substantia
1172 2873 1214 2897 ex
1243 2873 1308 2897 non

264 2921 480 2961 substantiis,
498 2923 556 2953 aut
572 2930 635 2953 non
653 2921 838 2955 substantia
855 2923 1040 2956 substantia
1057 2922 1147 2965 prior
1162 2923 1226 2971 erit
1238 2925 1253 2955 Ρ

306 2981 357 3013 17.
379 2982 488 3021 Ipsam
506 2979 607 3020 igitur
623 2982 655 3012 et
679 2979 736 3012 alii
752 2981 910 3022 quidam,
928 2981 986 3014 sed
1005 2990 1069 3014 non
1088 2981 1172 3014 satis
1186 2980 1304 3024 tetige-

263 3039 351 3074 runt.
376 3037 524 3071 Primum
541 3037 627 3071 enim
645 3046 687 3071 ex
706 3047 772 3071 non
792 3042 866 3072 ente
885 3040 1077 3081 simpliciter
1089 3040 1213 3081 aliquid
1236 3040 1308 3073 lieri

264 3096 330 3130 fat(¹
324 3099 421 3138 111111,
437 3105 477 3130 ea
494 3096 620 3129 ratioue
640 3106 707 3140 qua
723 3098 952 3131 Parmenidem
977 3100 1065 3133 recte
1082 3099 1192 3133 dicere
1214 3099 1299 3132 arbi-

263 3157 351 3191 1111111
352 3164 404 3190 111.

308 3215 360 3249 18.
380 3216 503 3247 Eorum
523 3223 602 3256 quoe
621 3216 720 3254 sunt,
742 3215 808 3248 alia
828 3214 963 3257 quidem
985 3216 1063 3249 sunt
1085 3218 1220 3258 natura,
1242 3217 1306 3250 alia

265 3281 346 3308 vero
359 3274 404 3307 ob
422 3273 502 3306 alias
522 3281 649 3306 causas.
670 3275 794 3306 Natura
810 3273 942 3315 quidem
963 3276 1042 3307 sunt
1061 3276 1212 3309 animalia
1228 3285 1304 3319 par-

266 3335 382 3390 tesque
399 3340 513 3365 eorum
536 3333 571 3364 et
594 3331 716 3374 plantae
736 3335 771 3365 81
787 3331 948 3374 simplicia
971 3340 1124 3374 corpora,
1139 3335 1178 3368 ut
1195 3336 1303 3376 terra,

266 3386 368 3435 ignis,
387 3392 448 3424 1181·
471 3394 506 3424 et
530 3399 627 3432 aqua.
647 3392 727 3423 Haeo
753 3391 841 3424 enim
868 3399 907 3424 ac
925 3391 1003 3424 talia
1028 3393 1146 3425 natura
1164 3392 1304 3426 dicimus

266 3458 353 3485 8888.
371 3451 490 3484 omnia
511 3453 621 3485 autem
637 3459 713 3495 quae
728 3451 817 3487 dicta
833 3453 912 3485 811111
930 3451 1070 3493 abillis,
1091 3462 1165 3495 quae
1187 3455 1303 3487 natur-a

958 217 1155 259 EUDEMI
1188 219 1370 260 RHODII
1397 220 1751 262 PERIPATE'PIC!

1370 324 1427 355 τος
1453 311 1612 362 φαίνεται
1631 308 1783 362 διορίσας
1802 310 1820 347 ὁ
1851 307 2025 360 Πλάτων,
2056 311 2174 351 καὶτὸ
2200 317 2249 362 πῆ
2275 328 2338 364 μεν
2359 310 2402 354 διδ

1370 371 1420 417 πῆ
1440 369 1475 408 δὲ
1495 370 1545 421 μὴ
1567 369 1626 418 ὄν,
1646 372 1692 413 ὡς
1719 368 1855 421 εἴρηται
1879 369 2056 422 πρότερον.
2083 370 2157 411 Καὶ
2175 371 2243 425 γὰρ
2263 372 2323 411 καὶ
2341 371 2409 412 ἔπῖ

1370 430 1438 466 τῶν
1471 428 1586 469 ἄλλων
1611 428 1657 467 τὰ
1685 429 1871 480 πολλαχῶς
1899 427 2069 479 λεγόμενα
2094 430 2331 483 διεστείλατο,
2356 433 2405 478 ὥς

1370 487 1430 526 καὶ
1463 490 1481 526 ὃ
1508 486 1672 538 Εὔδημος
1708 488 1742 526 ἓν
1776 492 1846 531 τοῖς
1877 489 2046 532 Φυσικοῖς
2074 495 2241 542 μαρτυρεῖ
2274 490 2404 542 λέγων,

1376 562 1392 580 α
1417 545 1568 586 Πλάτων
1590 562 1628 584 τε
1647 545 1715 598 γὰρ
1741 544 1936 598 εἰσαγαγὼν
1955 544 1995 584 τὸ
2017 546 2130 585 διττὸν
2157 546 2289 593 πολλὰς
2311 550 2404 589 ἄπο-

1372 604 1447 656 ρίας
1481 605 1580 643 ἔλυσε
1614 604 1854 656 πραγμάτων·
1884 622 1900 639 υ
1926 603 2117 656 (Victorii
2139 605 2225 643 cod.
2253 605 2312 645 ἐπὶ
2335 609 2407 647 τῶν

1372 663 1605 716 πραγμάτων.
1625 664 1673 703 cf.
1691 663 1826 713 fragm.
1853 678 1867 701 1
1879 663 1911 715 1)
1929 662 1997 702 Διὰ
2015 665 2126 701 ταῦτα
2145 656 2261 714 aiv*
2221 678 2279 702 ουν
2291 663 2410 718 ἡμμί-

1371 738 1426 767 νος
1450 721 1492 761 ἂν
1521 722 1575 770 εἴη
1602 721 1661 760 καὶ
1687 724 1705 760 ὁ
1725 721 1881 761 Πλάτων
1899 725 1960 769 τῆς
1978 721 2144 770 τοιαύτης
2165 721 2300 775 φύσεως
2313 753 2324 775 ,
2342 723 2407 786 οὐχ

1371 781 1498 826 ἱκανῶς
1518 780 1554 819 δὲ
1579 782 1686 827 αὐτης
1706 775 1814 834 ἧφθαι
1837 781 1931 820 δοκεῖ
1949 778 2040 819 κατὰ
2060 779 2122 820 δύο
2139 779 2361 833 τρόπους.)

1426 854 1473 880 18.
1504 842 1584 879 Τῶν
1604 839 1711 878 ὄντων
1730 838 1774 877 τὰ
1799 838 1863 889 μέν
1883 840 1956 877 ἐστι
1973 839 2100 892 φύσει,
2120 838 2165 878 τὰ
2185 838 2222 878 δὲ
2241 840 2285 878 δι’
2301 839 2411 886 ἄλλας

1373 899 1506 948 αἰτίας,
1525 897 1625 950 φύσει
1649 897 1711 948 μὲν
1738 897 1784 936 τά
1804 913 1842 936 τε
1861 899 1932 950 ζῶα
1953 896 2011 935 καὶ
2031 896 2076 936 τὰ
2104 895 2195 950 μέρη
2218 898 2330 937 αὐτῶν
2352 898 2412 939 καὶ

1371 958 1415 996 τὰ
1435 957 1526 1009 φυτὰ
1542 957 1602 996 καὶ
1629 955 1674 995 τὰ
1695 956 1792 995 ἁπλᾶ
1810 958 1876 995 τῶν
1895 956 2088 1007 σωμάτων,
2107 949 2178 996 οἷον
2195 971 2242 1010 γη
2258 956 2322 998 καὶ
2340 961 2410 1028 πῦρ

1371 1016 1431 1055 καὶ
1453 1016 1521 1068 ἀὴρ
1551 1015 1611 1054 καὶ
1632 1013 1742 1067 ὕδωρ·
1775 1017 1887 1052 ταῦτα
1907 1013 1974 1066 γὰρ
2004 1007 2095 1053 εἶναι
2114 1013 2175 1053 καὶ
2200 1015 2246 1053 τὰ
2265 1030 2410 1055 τοιαυτα

1371 1075 1471 1129 φύσει
1498 1073 1628 1127 φαμέν.
1655 1073 1779 1112 Πάντα
1809 1072 1845 1110 δὲ
1869 1072 1914 1111 τὰ
1936 1072 2083 1127 ῥηθέντα
2110 1073 2269 1127 φαίνεται
2287 1074 2410 1128 διαφέ-

1372 1149 1476 1185 ροντα
1490 1132 1575 1185 πρὸς
1590 1132 1633 1170 τὰ
1655 1136 1703 1181 μὴ
1721 1130 1820 1184 φύσει
1838 1132 2052 1171 συνεστῶτα.
2070 1131 2128 1171 Τὰ
2145 1131 2209 1182 μὲν
2225 1131 2325 1187 γὰρ
2309 1132 2412 1172 Φύσει

1370 1191 1453 1230 ὄντα
1486 1189 1601 1228 πάντα
1622 1189 1780 1242 φαίνεται
1802 1187 1928 1242 ἔχοντα
1949 1191 1984 1228 ἐν
2011 1191 2144 1234 ἑαυτοῖς
2173 1190 2285 1244 ἀρχὴν
2307 1191 2410 1239 κινή-

1372 1263 1457 1292 σεως
1485 1247 1544 1286 καὶ
1564 1246 1740 1295 στάσεως,
1762 1246 1809 1286 τὰ
1844 1247 1905 1298 μὲν
1926 1247 2018 1287 κατὰ
2046 1247 2176 1296 τόπον,
2204 1248 2248 1288 τὰ
2277 1247 2312 1288 δὲ
2331 1251 2412 1288 κατ’

1371 1305 1514 1353 αὔξησιν
1534 1305 1594 1343 καὶ
1621 1305 1758 1357 φθίσιν,
1776 1304 1820 1343 τὰ
1853 1304 1888 1343 δὲ
1912 1307 1991 1343 κατ’
2021 1306 2230 1346 ἀλλοίωσιν·
2247 1307 2349 1356 κλίνη
2373 1306 2411 1346 δὲ

1370 1363 1429 1402 καὶ
1448 1363 1588 1414 ἱμάτιον
1609 1363 1669 1402 καὶ
1684 1363 1716 1401 εἴ
1734 1379 1768 1402 τι
1783 1367 1935 1403 τοιοῦτον
1954 1363 2041 1403 ἄλλο
2059 1364 2154 1416 γένος
2169 1365 2282 1414 ἐστίν,
2299 1359 2325 1419 ᾗ
2345 1366 2409 1418 μὲν

1371 1423 1541 1476 τετύχηκε
1556 1425 1617 1470 τῆς
1634 1422 1878 1475 κατηγορίας’
1864 1422 2012 1470 εκάστης
2031 1423 2091 1462 καὶ
2112 1426 2193 1463 καθ’
2214 1424 2295 1464 ὅσον
2315 1424 2410 1465 ἔστὶν

1371 1480 1440 1519 ἀπὸ
1460 1480 1595 1533 τέχνης,
1611 1479 1775 1530 οὐδεμίαν
1793 1479 1943 1532 ὃρμὴν”
1925 1495 1998 1532 εχει
2020 1480 2218 1531 μεταὸολῆς
2236 1481 2410 1538 ἔμφυτον,

1369 1543 1391 1591 ᾗ
1414 1539 1450 1578 δὲ
1472 1555 1543 1590 συμ
1548 1538 1696 1587 6ε6ηκεν
1718 1539 1832 1582 αὐτοῖς
1850 1532 1937 1578 εἶναι
1954 1539 2093 1584 λιθίνοις
2114 1539 2137 1588 ἢ
2156 1537 2288 1592 γηΐνοις
2307 1539 2330 1588 ἢ
2350 1556 2410 1592 μι·

1370 1603 1464 1642 κτοῖς
1495 1599 1533 1636 ἐκ
1559 1596 1709 1646 τούτων,
1729 1596 1882 1650 ἔχεικαὶ
1914 1597 2006 1636 κατὰ
2030 1602 2216 1650 τοσοῦτον,
2237 1601 2284 1644 ὡς
2307 1599 2412 1648 οὔσης

1372 1672 1431 1703 της
1450 1656 1582 1710 φύσεως
1610 1657 1721 1731 ἀρχῆς
1748 1671 1838 1700 τινος
1858 1655 1916 1694 καὶ
1945 1655 2059 1701 αἰτίας
2077 1660 2139 1696 τοῦ
2164 1659 2334 1699 κινεισθαι
2351 1658 2413 1698 καὶ

1371 1718 1513 1768 ἠρεμεῖν
1530 1717 1565 1753 ἐν
1586 1709 1649 1768 ᾧ
1635 1715 1788 1767 υπάρχει
1808 1715 1955 1768 πρώτως
1972 1717 2051 1755 καθ’
2073 1717 2155 1757 αυτὸ
2171 1717 2230 1757 καὶ
2250 1717 2300 1768 μὴ
2319 1717 2411 1758 κατὰ

1372 1773 1605 1825 συμὸεὸηκός.

1425 1833 1672 1885 (Aristoteles
1689 1833 1810 1884 Phys.
1827 1832 1899 1872 lib.
1922 1831 1958 1870 ll
1979 1846 2063 1884 cap.
2093 1847 2108 1871 1
2132 1846 2223 1885 pag.
2250 1848 2341 1885 192.
2363 1834 2405 1874 b.

1373 1894 1395 1931 8
1416 1893 1478 1933 ed.
1502 1893 1664 1932 Bekker.
1683 1892 1913 1943 Simplicius
1945 1891 2014 1930 fol.
2038 1892 2089 1930 58
2114 1891 2167 1930 ὅτι
2188 1891 2233 1930 τὰ
2260 1894 2332 1945 ζῷα
2349 1893 2412 1933 καὶ

1371 1952 1462 2005 φυτὰ
1485 1952 1524 1990 οὐ
1544 1951 1629 1989 καθὸ
1653 1953 1725 2003 ζῷα
1744 1950 1804 1989 καὶ
1824 1949 1916 2003 φυτὰ
1936 1949 2138 2003 παρέλαὸεν
2171 1951 2206 1988 ἐν
2234 1949 2366 1998 τούτοις
2392 1955 2413 1991 ὃ

1371 2011 1642 2063 Ἀριστοτέλης
1624 2026 1670 2054 ως
1688 2009 1787 2063 φύσει
1813 2010 1920 2060 ὄντα,
1942 2009 2033 2048 ἀλλὰ
2049 2009 2136 2048 καθὸ
2149 2010 2211 2049 καὶ
2237 2009 2328 2050 αὐτὰ
2345 2027 2410 2066 φυ-

1372 2069 1472 2118 σικά,
1492 2070 1593 2115 δηλοῖ
1611 2069 1669 2106 καὶ
1690 2068 1874 2119 Εὔδημος’
1860 2084 1894 2106 εν
1920 2084 1972 2121 τῳ
1997 2068 2127 2122 πρώτῳ
2144 2071 2216 2108 τῶν
2237 2071 2408 2110 Φυσικῶν

1370 2133 1455 2172 τάδε
1479 2132 1634 2186 γράφων·
1670 2149 1686 2167 α
1706 2132 1781 2171 ἐπεὶ
1804 2131 1839 2170 δὲ
1863 2131 2008 2184 λέγομεν
2035 2131 2151 2172 πολλὰ
2171 2134 2272 2186 φύσει
2297 2128 2408 2174 εἶναι·

1370 2191 1431 2232 καὶ
1456 2191 1523 2245 γὰρ
1553 2190 1660 2231 ἵππον
1692 2191 1752 2230 καὶ
1781 2191 1960 2244 ἄνθρωπον
1983 2191 2043 2230 καὶ
2067 2197 2138 2230 πᾶν
2167 2194 2253 2245 ζῷον
2275 2193 2336 2232 καὶ
2363 2194 2410 2234 τὰ

1370 2250 1502 2288 τούτων
1536 2249 1663 2302 μόρια,
1683 2248 1733 2287 ἔτι
1756 2249 1792 2288 δὲ
1821 2249 1939 2288 ἐλαίαν
1963 2248 2024 2288 καὶ
2053 2249 2123 2288 πᾶν
2146 2250 2252 2322 ιρυτον
2275 2251 2337 2290 καὶ
2362 2251 2409 2291 τὰ

1372 2307 1477 2360 μόρια
1503 2308 1613 2346 αὐτῶν
1635 2308 1694 2346 καὶ
1713 2308 1802 2346 πόαν
1834 2308 1893 2346 καὶ
1913 2307 2000 2351 ὅλως
2029 2306 2072 2346 τὰ
2100 2308 2275 2361 φυόμενα,
2297 2308 2349 2348 ἔτι
2369 2310 2407 2350 δὲ

1369 2381 1443 2440 γην
1453 2365 1513 2405 καὶ
1531 2369 1601 2415 πῦρ
1621 2365 1680 2403 καὶ
1701 2365 1814 2404 πολλὰ
1834 2368 1902 2405 τῶν
1923 2365 2091 2419 ἀψύχων,
2107 2366 2143 2404 τί
2165 2370 2252 2407 πᾶσι
2276 2366 2409 2412 τούτοις

1370 2425 1542 2477 ὑπάρχει·
1569 2423 1614 2463 Ἥ
1638 2422 1700 2474 μὲν
1728 2424 1796 2476 γὰρ
1828 2423 1987 2472 αἴσθησις
2006 2423 2125 2468 ἴδιός’
2110 2439 2185 2463 εστι
2209 2428 2279 2464 τῶν
2308 2424 2406 2479 ζῴων

1370 2483 1430 2522 καὶ
1448 2481 1562 2521 πολλὰ
1580 2482 1707 2534 ἔτερα,
1726 2485 1748 2530 ἡ
1770 2482 1804 2522 δὲ
1821 2482 1962 2530 αὔξησις
1981 2486 2049 2522 τῶν
2067 2485 2244 2537 ζῳτικῶν·
2261 2487 2408 2524 κινεῖται

1371 2541 1407 2580 δὲ
1435 2541 1547 2579 πάντα
1571 2543 1619 2585 ὥς
1649 2543 1779 2579 εἰπεῖν·
1800 2541 1860 2580 καὶ
1881 2541 1948 2594 γὰρ
1968 2542 2067 2588 ξύλον
2098 2542 2158 2581 καὶ
2185 2542 2320 2595 χαλκὸς
2346 2543 2407 2582 καὶ

1370 2604 1439 2653 πῦρ
1459 2600 1519 2639 καὶ
1551 2600 1638 2644 ὅλως
1666 2606 1735 2639 πᾶν
1758 2602 1886 2652 σῶμα,
1912 2602 1979 2653 οὐχ
1997 2599 2126 2651 ὁμοίως
2146 2600 2183 2640 δὲ
2202 2600 2320 2646 πάσας
2345 2601 2408 2646 τὰς

1371 2659 1544 2708 κινήσεις,
1564 2654 1633 2699 οἷον
1651 2662 1669 2698 ὃ
1686 2659 1780 2704 λίθος
1797 2659 1857 2698 καὶ
1875 2659 1992 2698 πάντα
2010 2659 2075 2699 ὅσα
2092 2659 2198 2713 βάρος
2217 2659 2312 2712 ἔχει,
2335 2660 2409 2699 ἄνω

268 2754 2387 2764 m—

1370 2816 1434 2840 non
1451 2808 1620 2847 constant,
1643 2806 1779 2840 differi-e
1795 2806 1960 2840 videntur.
1973 2809 2121 2849 Namque
2136 2815 2175 2839 ea
2194 2815 2271 2848 quae
2289 2807 2408 2840 natura

1370 2868 1519 2899 constant
1541 2866 1694 2898 1111118188
1711 2865 1744 2898 111
1764 2874 1800 2898 88
1812 2865 1863 2907 ips
1852 2865 1892 2898 18
1906 2864 2101 2907 principium
2115 2867 2227 2899 motus
2243 2866 2404 2909 statusve,

1368 2925 1488 2968 partim
1516 2925 1587 2968 eJus
1612 2924 1671 2967 qui
1686 2924 1758 2957 loco
1775 2924 2054 2965 accommodatur,
2072 2924 2192 2965 partim
2215 2923 2406 2958 incrementi

1367 2993 1406 3017 ac
1434 2984 1651 3024 decrementi,
1671 2982 1791 3026 partim
1807 2982 2001 3016 mutationis
2023 2981 2147 3016 habere
2175 2982 2341 3016 videntur.
2364 2983 2408 3016 At

1367 3042 1503 3084 lectica,
1524 3043 1628 3075 vestis
1649 3043 1683 3075 et
1704 3042 1731 3075 si
1750 3041 1831 3084 quid
1847 3040 1934 3075 aliud
1951 3041 2024 3084 ejus
2035 3040 2162 3084 generis
2188 3043 2257 3080 est,
2276 3049 2319 3075 ex
2335 3049 2403 3084 quo

1366 3111 1427 3136 sua
1445 3111 1586 3146 quaeque
1607 3102 1739 3135 nomina
1763 3102 1971 3144 repererunt,
1989 3101 2023 3134 et
2044 3102 2207 3143 quatenus
2226 3101 2298 3133 arte
2315 3099 2404 3133 facta

1366 3163 1461 3202 811111,
1480 3161 1605 3195 nullam
1633 3160 1823 3194 mutationis
1844 3159 2073 3202 appetitionem
2099 3159 2231 3192 insitam
2257 3157 2400 3193 habent-2

1365 3221 1529 3262 quatenus
1553 3229 1634 3254 vero
1652 3219 1772 3253 accidit
1790 3218 1852 3259 118,
1870 3219 1910 3251 111
1934 3218 2062 3260 lapidea
2087 3218 2154 3251 sint
2171 3218 2224 3251 vel
2251 3219 2400 3256 terrena,

1364 3279 1418 3312 vel
1439 3288 1477 3312 ex
1499 3279 1553 3312 1118
1577 3279 1695 3320 mixta,
1723 3280 1858 3311 eatenus
1884 3279 1994 3310 motus
2017 3276 2181 3318 quietisve
2207 3274 2401 3319 principium

1366 3338 1510 3379 habent,
1528 3344 1631 3381 quum
1649 3339 1765 3371 natura
1781 3337 1977 3380 principium
1998 3336 2042 3370 sit
2058 3336 2224 3379 quoddam
2239 3336 2400 3376 8181111811,

1363 3398 1400 3430 ut
1427 3397 1463 3430 id
1479 3398 1650 3430 moveatur
1669 3397 1769 3438 atque
1789 3395 1959 3438 quiescat,
1973 3394 2007 3428 in
2029 3403 2096 3437 quo
2118 3395 2224 3437 primo
2242 3401 2300 3436 per
2315 3401 2352 3426 88
2366 3393 2400 3426 et

1363 3464 1428 3489 11011
1446 3464 1505 3499 per
1522 3455 1673 3489 accidens
1692 3454 1788 3488 inest.
