2508 3776
270 235 349 274 406

268 378 353 430 πρὸς
371 376 433 424 τὴν
451 376 578 427 τιμήν,
598 376 636 414 ὃν
656 380 674 415 6
688 376 868 429 Ἀχιλλεὺς
886 377 970 431 πρὸς
990 379 1049 419 τὸν
1069 381 1221 420 Αἴαντα·
1241 380 1302 420 καὶ

268 434 435 482 ἐναλλάξ,
456 433 493 473 ὃν
514 437 537 481 ἡ
554 433 638 484 τιμὴ
659 437 717 472 τοῦ
738 434 926 487 Ἀχιλλέως
945 436 1030 489 πρὸς
1044 436 1102 476 τὸν
1123 438 1301 490 Ἀχιλλέα,

266 497 289 540 ἡ
309 493 394 545 τιμὴ
411 497 470 532 τοῦ
489 492 637 537 Αἴαντος
656 493 741 546 πρὸς
758 494 816 533 τὸν
831 495 981 535 Αἴαντα·
1000 496 1060 536 καὶ
1077 497 1244 551 συνθέντι,
1264 498 1301 537 ὃν

268 551 341 603 ἔχει
359 551 458 602 λόγον
473 554 491 590 6
506 551 736 603 τετιμημένος
752 552 1029 606 Ἀχιλλεὺςπρὸς
1047 555 1105 595 τὸν
1123 555 1299 608 Ἀχιλλέα,

267 614 386 648 τοῦτον
401 613 418 648 6
438 611 666 661 τετιμημένος
686 611 774 655 Αἴας
787 612 873 666 πρὸς
886 612 944 651 τὸν
959 613 1108 653 Αἴαντα·
1120 615 1179 653 καὶ
1195 616 1297 654 ἐναλ-

264 669 345 716 λάξ,
363 669 399 707 ὃν
418 669 520 720 λόγον
539 669 612 721 ἔχει
633 672 650 708 6
670 670 906 721 τετιμημένος
926 670 1107 724 Ἀχιλλεὺς
1132 673 1218 725 πρὸς
1237 673 1294 711 τὸν

266 727 495 779 τετιμημένον
525 727 660 766 Αἴαντα
672 757 683 779 ,
716 733 834 768 τοῦτον
862 729 936 782 ἔχει
952 730 1010 769 τὸν
1028 730 1128 782 λόγον
1148 735 1166 771 6
1186 732 1298 785 Ἀχιλ-

264 785 342 830 λεὺς
356 786 440 838 πρὸς
458 787 515 825 τὸν
536 785 684 826 Αἴαντα·
705 787 794 836 αὕτη
822 788 863 836 δὴ
885 795 984 828 πᾶσα
1013 794 1033 837 ἡ
1063 791 1230 843 ἀναλογία
1249 794 1299 845 τῷ

264 847 500 899 διανεμητικῷ
519 844 643 896 δικαίῳ
661 845 855 898 προσήκει,
876 847 953 895 ἥτις
969 849 1151 900 εὑρεθῆναι
1171 851 1210 889 οὐ
1231 850 1297 890 δύ-

262 919 365 942 ναται
386 905 420 942 ἐν
448 906 491 957 τῇ
517 905 732 959 ἀριθμητικῇ
754 905 945 960 ἀναλογίᾳ,
963 908 1041 946 ἀλλ’
1075 910 1109 947 ἐν
1128 911 1173 961 τῇ
1203 924 1298 960 γεω-

264 965 412 1016 μετρικῇ
434 964 548 1011 μόνον.
590 962 663 1004 Καὶ
679 963 732 1004 ὅτι
752 964 814 1016 μὲν
836 967 869 1004 ἐν
895 969 938 1019 τῇ
964 970 1182 1019 γεωμετρικῇ
1210 971 1297 1007 ἀνα-

262 1022 364 1076 λογίᾳ
395 1027 504 1063 ταῦτα
542 1022 586 1062 τὰ
620 1022 694 1071 εἴδη
728 1024 843 1063 πάντα
881 1028 951 1065 τῶν
983 1027 1175 1078 ἀναλογιῶν
1208 1027 1298 1080 εὑρί-

263 1096 406 1121 σκονται
421 1111 432 1131 ,
457 1081 627 1121 δείκνυσιν
642 1084 660 1120 6
679 1083 891 1136 γεωμέτρης.
917 1083 1002 1124 ιὌτι
1028 1083 1064 1122 δὲ
1081 1086 1114 1123 ἐν
1136 1087 1179 1138 τῇ
1201 1087 1298 1138 ἀριθ-

263 1143 398 1193 μητικῇ
426 1141 464 1178 οὖ
483 1139 627 1179 δύναται
647 1142 839 1193 εὑρεθῆναι,
857 1143 960 1189 δῆλον
980 1143 1122 1181 ἐκεῖθεν·
1138 1141 1296 1182 ἔστωσαν

261 1198 328 1251 γὰρ
349 1198 488 1252 ἀριθμοὶ
505 1198 672 1252 τέσσαρες
703 1202 737 1239 ἐν
759 1202 970 1253 ἀριθμητικῇ
1005 1201 1188 1254 ἀναλογία,
1224 1205 1241 1240 6
1268 1202 1297 1240 δ’

262 1257 322 1296 καὶ
344 1260 363 1296 6
381 1258 430 1310 γ’,
449 1258 509 1297 καὶ
534 1260 552 1295 6
573 1256 607 1301 ς’
624 1257 684 1296 καὶ
705 1261 723 1297 6
750 1258 789 1297 ε’·
812 1258 974 1312 ὑπερέχει
1004 1259 1045 1307 δὴ
1066 1263 1089 1298 ’ὁ
1115 1259 1144 1298 δ’
1163 1264 1223 1299 τοῦ
1248 1261 1295 1312 γ’,

262 1315 343 1356 ὅσον
371 1316 574 1369 ὖπερέχειὸ
603 1319 637 1361 ς’
667 1320 725 1355 τοῦ
747 1317 787 1355 ε’·
808 1316 899 1356 ἀλλὰ
929 1318 1083 1357 συνθέντι
1108 1319 1169 1357 οὔκ
1200 1317 1298 1358 ἔσται

264 1374 434 1428 ἀνάλογον
455 1376 704 1428 ἀριθμητικῶς·
726 1374 932 1414 συντεθέντα
953 1376 1021 1429 γὰρ
1051 1378 1068 1413 6
1094 1376 1128 1421 ς’
1152 1376 1212 1415 καὶ
1232 1381 1251 1416 6
1272 1378 1298 1417 ε’

263 1429 492 1485 ὖπέρέξειτοῧ
514 1432 541 1471 ε’
555 1437 605 1487 τῷ
623 1433 672 1479 ’ς’·
694 1436 712 1472 6
732 1434 768 1472 δὲ
788 1435 816 1473 δ’
837 1434 896 1473 καὶ
915 1435 947 1486 γ’
968 1437 1171 1475 συντεθέντα
1189 1440 1299 1492 ὕπερ-

263 1489 331 1535 έξει
351 1493 410 1529 τοῦ
438 1491 470 1542 γ’
492 1493 541 1544 τῷ
570 1492 612 1530 δ’·
641 1494 701 1532 καὶ
720 1492 810 1531 οὕτω
834 1493 1030 1546 διῃρημένα
1045 1494 1107 1544 μὲν
1129 1495 1298 1549 ἀνάλογον

263 1548 339 1601 ἔχει
357 1550 606 1602 ἀριθμητικῶς·
623 1553 642 1597 ἠ
662 1550 750 1597 αὐτὴ
767 1550 834 1603 γὰρ
847 1551 1001 1604 ὑπεροχὴ
1020 1556 1081 1591 τοῦ
1101 1553 1130 1591 δ’
1146 1554 1231 1606 πρὸς
1253 1556 1298 1607 γ’,

263 1606 339 1653 ἥτις
355 1608 429 1647 ἐστὶ
446 1611 505 1647 τοῦ
521 1607 555 1652 ς’
569 1608 654 1662 πρὸς
673 1609 713 1647 ε’·
728 1609 934 1648 συντεθέντα
954 1609 990 1648 δὲ
1010 1610 1125 1650 οὐκέτι
1139 1617 1152 1635 ‘³
1176 1614 1300 1653 ἀνάλο-

263 1664 322 1716 γόν
344 1667 429 1705 ἐστι·
458 1668 592 1718 μᾶλλον
622 1668 690 1721 γὰρ
719 1668 881 1721 ὑπερέχει
909 1670 927 1706 6
956 1668 1002 1707 ια’
1028 1673 1087 1709 τοῦ
1118 1670 1160 1723 ε’,
1193 1672 1214 1719 ἢ
1237 1676 1254 1711 6
1271 1673 1299 1718 ζ’

263 1727 323 1763 τοῦ
342 1724 389 1777 γ’.
1051 1751 1056 1757 ·

317 1784 386 1824 Διὰ
413 1788 525 1824 ταῦτα
549 1784 592 1832 δὴ
623 1784 663 1823 τὸ
691 1787 935 1837 διανεμητικὸν
965 1787 1099 1827 δίκαιον
1131 1789 1298 1842 ἀνάλογόν

264 1844 339 1885 ἐστι
366 1843 457 1882 κατὰ
488 1843 549 1891 τὴν
571 1844 809 1896 γεωμετρικὴν
830 1846 1037 1897 ἀναλογίαν,
1066 1848 1125 1886 καὶ
1153 1850 1191 1887 οὖ
1209 1850 1299 1887 κατὰ

264 1902 329 1951 τὴν
358 1902 584 1953 συνημμένην
608 1903 701 1942 ἀλλὰ
719 1903 812 1941 κατὰ
832 1904 895 1952 τὴν
918 1905 1144 1956 διῃρημένην·
1170 1908 1299 1945 τέσσα-

267 1977 328 2015 ρας
347 1960 415 2014 γὰρ
437 1954 527 2000 εἶναι
546 1962 596 2000 δεῖ
616 1960 693 2005 τοὺς
714 1961 811 2012 ὅρους
839 1964 889 2015 τῷ
918 1965 1066 2016 ἀριθμῷ·
1088 1967 1126 2002 οὖ
1144 1964 1211 2017 γὰρ
1236 1967 1299 2004 δυ-

263 2019 366 2059 νατὸν
396 2020 436 2058 τὸ
455 2019 633 2069 διδόμενον
659 2020 720 2059 καὶ
746 2019 804 2059 τὸν
828 2021 1055 2071 λαμὸάνοντα
1075 2021 1110 2061 ἓν
1138 2017 1226 2061 εἶναι
1249 2026 1299 2076 τῷ

266 2080 417 2132 ἀριθμῷ.
444 2078 517 2118 Καὶ
535 2079 575 2118 τὸ
596 2079 727 2119 δίκαιον
751 2081 860 2119 ἐκεῖνο
877 2080 1044 2133 ἀνάλογόν
1067 2082 1176 2130 ἐστιν,
1192 2081 1203 2104 f
1219 2081 1298 2122 ὅσον

264 2137 356 2175 ἐστὶν
379 2138 414 2175 ἐν
438 2142 516 2182 ταῖς
537 2138 741 2190 διανομαῖς,
763 2137 845 2177 ὅταν
874 2139 1018 2184 ἕκαστος
1046 2140 1140 2191 λάὸῃ
1160 2140 1199 2179 τὸ
1221 2141 1298 2180 κατ’

266 2196 364 2242 ἀξίαν
379 2225 390 2246 ,
407 2195 430 2243 ἢ
451 2196 556 2247 τιμήν
569 2196 615 2245 ,ἢ
635 2197 826 2250 χρήματα,
847 2197 870 2244 ἢ
886 2198 972 2238 ἄλλο
993 2215 1024 2237 τι
1038 2207 1054 2228 ⁸
1074 2202 1141 2238 τῶν
1159 2201 1300 2252 μεριζο-

265 2254 392 2306 μένων·
415 2254 490 2293 &osv
513 2255 632 2308 εἰρήνη
654 2256 787 2309 γίνεται
807 2258 865 2295 καὶ
886 2257 982 2302 τάξις
1004 2258 1205 2303 πολιτείαις·
1230 2259 1300 2297 ἀπὸ

263 2313 331 2365 γὰρ
351 2315 419 2351 τῶν
441 2314 604 2353 ἐναντίων
627 2316 664 2353 αἱ
692 2315 831 2359 στάσεις
845 2345 856 2365 ,
880 2316 940 2354 καὶ
963 2318 999 2354 αἳ
1020 2317 1156 2370 μάχαι,
1177 2317 1236 2356 καὶ
1256 2317 1299 2356 τὰ

263 2372 468 2423 ἐγκλήματα
480 2401 490 2420 ,
505 2371 621 2419 ὅτανῆ
642 2375 672 2411 οἱ
685 2372 755 2412 ἴσοι
778 2373 826 2423 μὴ
844 2373 904 2412 ἴσα
922 2374 1079 2414 λάὸωσιν
1094 2405 1104 2425 ‚
1121 2375 1144 2423 ἢ
1165 2375 1213 2426 μὴ
1231 2375 1299 2414 ἴσοι

262 2429 338 2469 ἴσα.
362 2427 448 2469 ’Ότι
485 2430 521 2469 δὲ
554 2431 742 2483 ἀναλογίαν
772 2433 869 2480 ζητεῖ
899 2434 917 2470 6
954 2432 1042 2484 μετὰ
1080 2433 1300 2482 δικαιοσύνης

263 2487 466 2538 ποιούμενος
496 2488 557 2536 τὴν
584 2490 771 2541 διανομήν,
792 2491 851 2528 καὶ
878 2492 947 2531 ἀπὸ
967 2491 1089 2532 τούτου
1112 2494 1228 2540 δῆλον·
1259 2493 1300 2531 τὸ

262 2545 328 2598 γὰρ
348 2546 428 2584 κατ’
451 2546 547 2590 ἀξίαν
568 2547 716 2586 ἑκάστου
730 2578 741 2596 ,
762 2552 864 2588 τοῦτο
891 2549 1018 2595 πάντες
1048 2551 1227 2602 νομίζουσι
1247 2550 1298 2589 δί-

263 2618 374 2642 καιον·
395 2603 458 2651 τὴν
478 2603 574 2648 ἀξίαν
609 2605 666 2653 δέ,
689 2606 732 2644 δι’
765 2607 807 2654 ἥν
828 2623 877 2652 τις
896 2614 1064 2659 τιμᾶται,
1093 2611 1131 2647 οὗ
1152 2610 1214 2656 τὴν
1237 2610 1298 2648 αὖ·

262 2661 324 2707 τὴν
355 2661 481 2706 πάντες
502 2661 676 2714 λέγουσιν·
710 2665 788 2703 ἀλλ’
816 2667 846 2703 οἳ
868 2665 930 2715 μὲν
958 2666 1214 2716 δημοκρατικοὶ
1234 2666 1296 2714 τὴν

262 2720 457 2772 ἐλευθερίαν
476 2720 655 2772 λέγουσιν,
685 2723 717 2760 οἱ
738 2721 774 2760 δὲ
803 2724 1022 2776 ὀλιγαρχικοὶ
1040 2724 1098 2763 τὸν
1117 2728 1266 2765 πλοῦτον
1285 2756 1294 2775 ,

262 2780 294 2816 οἳ
311 2778 340 2816 δ’
361 2780 639 2835 ἀριστοκρατικοὶ
660 2780 796 2832 ἀρετήν·
817 2782 890 2820 ἐπεὶ
904 2783 1016 2822 τοίνυν
1036 2783 1192 2836 διάφοροί
1211 2788 1296 2828 εἰσιν

264 2838 301 2875 αἱ
321 2836 434 2885 ἀξίαι,
471 2837 504 2876 εἴ
529 2853 581 2882 τις
601 2839 690 2888 μετὰ
723 2841 943 2889 δικαιοσύνης
973 2843 1159 2894 βουληθείη
1189 2847 1295 2896 τιμὴν

264 2895 439 2945 διανεῖμαι
458 2895 549 2934 κατὰ
569 2895 631 2943 τὴν
654 2895 750 2941 ἀξίαν
770 2899 925 2951 ἑκάστῳ“,
941 2901 1003 2939 οὐκ
1017 2901 1094 2949 ἴσην
1114 2903 1297 2951 ποιήσεται

262 2952 325 3000 τὴν
349 2953 539 3004 διανομήν,
560 2954 650 2994 ἀλλὰ
670 2955 851 3007 ἀνάλογον.

315 3012 335 3035 *
353 3012 404 3051 Τὸ
423 3011 486 3062 μὲν
508 3005 567 3050 οῧν
591 3013 720 3051 δίκαιον
739 3014 779 3053 τὸ
799 3015 967 3066 ἀνάλογον
980 3047 990 3064 ,
1013 3017 1127 3063 καθὼς
1147 3019 1295 3073 εἴρηται·

263 3070 301 3109 τὸ
319 3070 436 3108 ἄδικον
471 3069 506 3108 δὲ
527 3070 566 3108 τὸ
588 3069 652 3115 ἔξω
680 3074 740 3109 τοῦ
771 3073 953 3126 ἀναλόγου·
985 3074 1066 3113 ὅταν
1094 3079 1115 3122 ἡ
1148 3077 1296 3129 διανομὴ

263 3128 354 3166 κατὰ
387 3128 427 3166 τὸ
462 3129 583 3167 πλεῖον
614 3131 675 3175 τῆς
693 3129 790 3174 ἀξίας
821 3131 882 3170 καὶ
902 3132 940 3170 τὸ
961 3132 1103 3172 ἔλαττον
1132 3136 1293 3186 γίνηται,

263 3185 348 3238 ὅπερ
367 3186 427 3224 καὶ
450 3185 507 3224 ἐπὶ
532 3188 600 3224 τῶν
617 3185 726 3239 ἔργων
744 3189 812 3225 τῶν
834 3188 949 3227 ἄλλων
973 3193 1034 3237 τῆς
1056 3191 1191 3237 ἀδικίας
1210 3210 1294 3244 συμ-

265 3244 388 3284 ὅαίνει.
419 3244 490 3283 Καὶ
519 3244 586 3297 γὰρ
617 3248 635 3284 6
664 3246 792 3285 ἀδικῶν
822 3250 881 3285 τοῦ
912 3248 1138 3299 ἀδικουμένου
1177 3253 1295 3292 πλεῖον

265 3303 391 3355 ἀγαθὸν
422 3301 516 3356 ἔχειν
547 3306 666 3353 ζητεῖ,
697 3306 715 3343 6
736 3304 771 3343 δὲ
791 3305 1013 3357 ἀδικούμενος
1041 3308 1183 3348 ἔλαττον
1209 3310 1295 3363 ἔχει·

306 3436 322 3453 *
337 3437 381 3468 Τὸ
401 3437 428 3467 δ’
447 3437 570 3478 ἄδικον,
586 3437 623 3469 τὸ
644 3437 734 3480 παρὰ
747 3438 784 3471 τὸ
805 3438 962 3481 ἀνάλογον
977 3441 1045 3472 κτλ.

1077 235 1352 275 ANDRONICI
1379 234 1556 275 RHODII

270 319 449 373 Ἀχιλλεὺς
469 318 528 357 καὶ
547 320 566 357 ὅ
585 318 686 362 Αἴας·
716 321 766 358 δεῖ
786 318 828 365 δὴ
859 318 959 371 λόγον
987 320 1079 373 ἔχειν
1099 322 1161 371 τὴν
1192 322 1299 375 τιμὴν
1364 328 1444 370 AJax
1460 336 1469 356 τ
1490 326 1588 360 debet
1599 326 1701 369 igitur
1719 326 1857 360 eandem
1865 327 2025 360 rationem
2041 327 2085 361 ad
2102 328 2393 363 honor-emnam
2449 334 2452 338 ’

1360 386 1473 424 honor,
1486 394 1586 427 quam
1598 384 1640 418 ad
1649 385 1780 427 Ajacem
1791 384 1933 418 Achilles
1948 397 1955 416 :
1967 387 2001 417 et
2013 385 2166 426 vicissim,
2180 395 2282 430 quam
2295 385 2393 420 ratb-
2460 430 2464 434 β

1360 453 1435 476 nem
1446 443 1549 476 honor
1561 443 1696 476 Achillis
1708 443 1749 476 ad
1765 443 1941 482 Achillem,
1960 443 2096 477 eandem
2107 445 2211 478 honor
2227 445 2336 488 Aiacis
2348 443 2393 479 nd

1360 503 1511 545 Ajacem:
1530 504 1588 535 aut
1611 502 1639 535 si
1653 502 1751 535 malis
1765 502 1975 543 conjungere,
2001 511 2101 544 quam
2121 503 2393 538 rationmhnbet

1360 561 1500 594 Achilles
1520 561 1700 594 honoratus
1716 561 1758 594 ad
1774 561 1932 593 Achillem
1942 586 1949 599 ,
1969 560 2105 594 eandem
2117 562 2200 603 Ajax
2213 561 2394 596 homws

1360 619 1401 652 ad
1414 620 1544 661 Ajacem
1560 630 1567 649 :
1582 621 1615 652 et
1637 619 1798 658 vicissim,
1818 629 1917 661 quam
1932 619 2091 652 rationem
2101 617 2203 654 habet
2215 619 2394 654 honorum

1359 677 1500 711 Achilles
1526 677 1568 710 ad
1593 678 1790 710 honoratum
1817 678 1966 719 Ajacem,
1990 677 2126 711 eandem
2137 677 2237 711 habet
2250 676 2394 712 Achilles

1359 735 1401 768 ad
1415 736 1544 778 Ajacem
1565 748 1573 768 ε
1592 738 1692 778 atque
1712 736 1783 770 haec
1799 745 1876 769 sane
1888 736 1993 769 omnis
2015 736 2181 779 proportio
2192 735 2335 779 pertinet
2350 735 2394 770 ud

1355 796 1411 837 jus
1438 795 1472 828 iu
1496 795 1783 828 distributionibus
1813 796 1975 838 positum,
1999 805 2100 838 quam
2130 795 2165 828 in
2187 795 2392 829 arithmetica

1356 863 1421 887 non
1447 854 1609 893 invenias,
1635 854 1692 887 sed
1711 854 1746 887 in
1760 855 1954 896 geometrica
1979 857 2109 888 tantum
2132 853 2288 896 analogia.
2309 855 2393 889 Nm

1357 912 1391 945 in
1406 913 1602 954 geometrica
1620 913 1767 954 analogia
1788 914 1850 946 has
1867 922 1979 947 omnes
1999 913 2246 956 proportionum
2271 913 2394 956 spectu

1359 971 1495 1013 reperiri
1511 973 1685 1013 geometrae
1707 971 1884 1004 ostendunt
1904 981 1911 1002 :
1931 972 1965 1004 in
1978 971 2184 1004 arithmetica
2200 972 2312 1005 autem
2326 980 2393 1017 non

1357 1028 1497 1061 inveniri
1516 1029 1570 1062 vel
1598 1029 1689 1062 illinc
1715 1029 1927 1062 manifestum
1958 1031 2008 1062 est
2032 1039 2039 1060 z
2066 1038 2226 1072 ponamus
2243 1029 2331 1065 enim
2357 1030 2393 1063 in

1358 1086 1566 1119 arithmetica
1591 1086 1798 1128 proportione
1825 1095 1978 1119 numeros
2002 1095 2074 1120 esse
2087 1088 2246 1129 quatuor.
2263 1082 2340 1121 458.
2358 1090 2391 1121 6.

1359 1148 1376 1176 5
1398 1153 1405 1172 =
1423 1143 1478 1176 hic
1491 1143 1592 1185 igitur
1607 1146 1637 1176 4.
1656 1146 1788 1186 superat
1801 1147 1830 1176 3.
1848 1146 2051 1186 quantum‘e.
2069 1145 2203 1186 superat
2219 1147 2238 1178 5
2251 1143 2393 1187 :quodsi

1358 1203 1554 1244 conjungas,
1588 1211 1652 1234 non
1682 1204 1792 1235 tamen
1820 1203 1988 1244 proportio
2011 1203 2075 1236 erit
2104 1202 2339 1236 arithmeticaz
2365 1203 2394 1236 si

1358 1261 1445 1295 enim
1462 1261 1638 1303 conjungas
1663 1263 1693 1294 6.
1713 1263 1745 1294 et
1767 1266 1797 1301 5,
1815 1262 1983 1303 superabit
1999 1265 2028 1295 5.
2055 1261 2122 1295 illis
2142 1264 2185 1295 ὃς
2215 1262 2266 1295 sin
2282 1263 2394 1296 autem

1359 1324 1390 1354 4.
1412 1323 1445 1354 et
1460 1324 1489 1354 3.
1510 1320 1696 1363 conjungas,
1721 1321 1887 1363 superabit
1904 1325 1931 1354 3.
1947 1321 2014 1355 illis
2034 1325 2054 1356 4
2074 1332 2081 1354 :
2097 1322 2211 1365 itaque
2231 1321 2395 1364 disiuncta

1358 1380 1492 1422 quidem
1508 1380 1749 1422 proportionem
1767 1381 1889 1414 habent
1904 1380 2154 1421 arithmeticam,
2172 1381 2288 1416 eodem
2307 1381 2394 1416 enim

1358 1438 1456 1471 modo
1478 1442 1509 1472 4.
1524 1440 1657 1481 superat
1678 1442 1707 1471 3.
1725 1448 1792 1481 quo
1807 1442 1836 1472 6.
1856 1441 1987 1482 superat
2004 1444 2022 1473 5
2040 1450 2048 1472 ε
2066 1439 2094 1473 si
2115 1448 2194 1474 vero
2205 1440 2392 1483 conjungas,

1358 1506 1423 1530 non
1439 1497 1582 1531 mauebit
1595 1497 1762 1540 proportio
1778 1507 1785 1527 τ
1802 1507 1878 1531 nam
1894 1498 1999 1540 magis
2014 1499 2147 1541 superat
2167 1501 2215 1533 11.
2238 1502 2273 1536 5.
2291 1506 2395 1542 quam

1358 1558 1387 1589 7.
1407 1559 1437 1589 3.

1403 1790 1607 1830 Quapropter
1620 1788 1675 1830 jus
1695 1788 1729 1821 in
1753 1787 2039 1821 distributionibus
2053 1788 2198 1831 positum
2211 1790 2410 1832 proportio-·

1359 1856 1434 1880 nem
1455 1846 1554 1879 habet
1581 1846 1827 1888 geometricam,
1856 1849 1888 1879 et
1909 1846 2044 1888 quidem
2061 1856 2126 1880 non
2152 1847 2392 1890 continuatam,

1359 1905 1417 1939 sed
1433 1905 1629 1947 disJunctam
1651 1915 1658 1935 :
1676 1907 1819 1947 quatuor
1840 1904 1926 1938 enim
1937 1906 2066 1947 oportet
2081 1913 2219 1938 numero
2235 1915 2308 1940 esse
2322 1908 2394 1941 ter-

1358 1964 1484 2004 minos.
1509 1963 1587 2005 quia
1616 1962 1706 2005 quod
1734 1962 1833 1995 datur
1853 1964 1886 1995 ct
1906 1962 1965 2005 qui
1983 1962 2102 2005 accipit
2124 1971 2228 1997 unum
2241 1963 2395 2008 idemque

1358 2031 1495 2055 numero
1509 2030 1579 2054 esse
1595 2031 1659 2053 non
1673 2023 1792 2063 potest.
1812 2020 1920 2054 Habet
1940 2022 2052 2054 autem
2072 2022 2317 2064 proportionem
2338 2023 2395 2066 ius

1359 2079 1462 2118 illud,
1485 2079 1694 2121 quatenusin
1707 2078 1995 2111 distributionibus
2011 2081 2174 2118 versatur,
2196 2088 2303 2122 quum
2325 2078 2395 2113 sin-

1359 2139 1426 2181 guli
1448 2138 1503 2172 vel
1529 2139 1686 2171 honorem
1711 2138 1766 2171 vel
1795 2138 1969 2180 pecunias,
1988 2138 2042 2171 vel
2061 2137 2152 2171 aliud
2171 2138 2253 2181 quid
2280 2148 2394 2173 eorum

1359 2207 1434 2240 quae
1445 2197 1647 2235 dividuntur¹
1672 2206 1732 2239 pro
1750 2196 1909 2239 dignitate
1932 2206 1992 2230 sua
2014 2196 2177 2240 accipiunt
2199 2197 2310 2232 :unde
2329 2206 2394 2240 pax

1359 2257 1393 2289 et
1410 2255 1504 2288 firma
1525 2264 1637 2288 rerum
1650 2254 1857 2296 publicarum
1878 2254 2068 2288 constitut10
2097 2255 2268 2288 nascitur:
2285 2265 2304 2290 e
2315 2264 2395 2290 con·

1358 2313 1470 2346 trariis
1495 2313 1582 2346 enim
1612 2313 1803 2351 seditiones,
1830 2313 1939 2354 jurgia
1965 2315 1999 2346 et
2019 2313 2164 2355 querelas
2194 2315 2388 2354 nascuntur,
2428 2320 2430 2322 '

1359 2372 1491 2415 quando
1512 2374 1570 2405 aut
1583 2371 1727 2413 aequales
1744 2371 1938 2413 inaequalia,
1958 2373 2016 2404 aut
2034 2380 2099 2404 non
2115 2371 2259 2414 aequales
2276 2371 2392 2414 mua-

1359 2432 1402 2465 lia
1423 2431 1597 2474 accipiunt.
1619 2432 1720 2463 Porro
1738 2431 1979 2472 proportionem
1996 2430 2038 2463 ab
2056 2439 2095 2463 eo
2108 2430 2265 2472 spectari,
2285 2430 2394 2473 quini

1359 2488 1539 2522 exercenda
1560 2487 1690 2530 ‚iustitia
1707 2486 1971 2520 distributionem
1985 2487 2130 2521 instituit
2140 2512 2148 2527 ,
2165 2487 2218 2520 vel
2232 2487 2309 2522 hinc
2320 2487 2393 2531 pla-

1357 2550 1438 2574 num
1456 2543 1506 2574 est
1524 2553 1531 2572 ε
1547 2539 1636 2582 quod
1649 2539 1801 2572 videlicet
1822 2535 2003 2573 secundum
2015 2540 2218 2582 singulorum
2231 2540 2394 2583 dignatio-

1357 2603 1434 2627 nem
1452 2593 1505 2635 fit,
1519 2593 1554 2626 id
1569 2602 1681 2626 omnes
1706 2593 1834 2634 justum
1854 2602 1924 2626 esse
1948 2593 2173 2626 arbitrantur:
2196 2592 2391 2635 dignitatem

1356 2652 1436 2681 vero
1448 2646 1558 2685 illam,
1574 2645 1615 2678 ob
1634 2655 1734 2688 quam
1753 2645 1873 2687 ali'quis
1887 2645 2076 2684 honoratur,
2094 2655 2159 2678 non
2170 2645 2307 2678 eandem
2322 2653 2394 2680 esso

1356 2707 1468 2731 omnes
1485 2706 1554 2740 piae
1567 2706 1602 2730 se
1620 2697 1749 2738 sorunt3
1775 2697 1833 2730 sed
1859 2698 1918 2740 qui
1935 2697 2084 2740 populari
2100 2697 2229 2731 civitati
2253 2696 2367 2732 favent
2378 2724 2386 2737 ,

1356 2749 1564 2789 libertatem3
1587 2750 1646 2791 qui
1676 2757 1857 2791 paucorum
1878 2749 2096 2782 dominatione
2116 2749 2258 2791 gaudent
2274 2775 2282 2788 ‚
2304 2749 2392 2792 divt-

1356 2803 1440 2842 tias;
1458 2802 1516 2844 qui
1543 2801 1684 2843 denique
1710 2801 1920 2844 optimatium
1946 2801 2093 2835 fautores
2118 2803 2195 2834 sunt
2207 2827 2216 2841 ‚
2233 2801 2392 2836 virtutem

1358 2855 1472 2888 dicunt
1489 2865 1496 2886 :
1517 2864 1621 2897 quum
1637 2864 1711 2897 ergo
1727 2854 1866 2887 diversas
1879 2855 1944 2887 sint
1961 2854 2137 2896 dignitates
2147 2879 2155 2893 ,
2175 2854 2203 2887 si
2215 2854 2292 2896 quis
2301 2855 2393 2897 justo

1358 2906 1439 2939 velit
1453 2916 1512 2949 pro
1526 2907 1683 2948 dignitate
1692 2907 1831 2940 honores
1840 2907 1975 2949 singulis
1987 2906 2195 2946 distribuere,
2210 2916 2276 2941 non
2283 2917 2392 2951 mqua-

1355 2964 1483 2998 litatem
1498 2965 1533 2997 in
1544 2964 1769 2998 distribuendo
1784 2964 1949 3007 respiciet,
1967 2964 2024 2997 sed
2036 2965 2286 3007 proportionem.

1396 3024 1528 3056 Justum
1539 3022 1640 3064 igitur
1658 3024 1724 3061 est,
1746 3022 1835 3065 quod
1856 3022 2063 3064 proportione
2084 3024 2232 3062 constat,
2250 3024 2290 3056 ut
2303 3022 2391 3057 dixi-

1354 3091 1430 3114 mus
1445 3092 1452 3110 :
1470 3081 1630 3123 injustum
1647 3090 1724 3114 vero
1736 3106 1745 3122 ,
1760 3080 1849 3123 quod
1866 3080 1990 3113 nullam
2007 3080 2109 3114 habet
2126 3080 2386 3124 proportionem:

1354 3140 1486 3182 quando
1498 3140 1654 3172 nimirum
1670 3139 1745 3182 plus
1766 3139 1935 3178 minusve,
1958 3147 2060 3181 quam
2076 3139 2218 3181 dignitas
2235 3139 2385 3182 requirit,

1353 3198 1388 3230 in
1403 3198 1630 3231 distributione
1651 3198 1758 3236 datur,
1774 3196 1863 3240 quod
1875 3197 1974 3230 etiam
1987 3197 2022 3230 in
2038 3197 2167 3231 canteris
2179 3207 2256 3240 quae
2266 3197 2395 3242 injuste

1354 3256 1436 3289 fiunt
1449 3256 1616 3298 contingit.
1635 3258 1718 3289 Nam
1730 3256 1787 3298 qui
1801 3255 1901 3288 infert
1918 3255 2071 3297 injuriam
2087 3256 2162 3298 plus
2175 3256 2252 3290 boni
2265 3255 2386 3290 habere

1356 3314 1477 3371 studet,
1500 3323 1601 3356 quam
1627 3314 1656 3347 is
1681 3315 1735 3347 cui
1761 3314 1902 3347 infertur
1917 3326 1926 3346 :
1951 3316 1986 3346 at
2012 3314 2070 3357 qui
2095 3315 2214 3357 injuria
2231 3314 2389 3358 afficitur,

2484 1727 2508 1863 i

2476 1866 2508 1925 xxi

2486 2161 2508 2205 ,γὲ

2498 2215 2508 2240 ἔ,
