2508 3776
277 123 358 162 446

276 209 358 246 καῖα
382 210 573 254 ζητοῦνται·
593 206 670 259 περὶ
692 207 714 245 ἅ
734 209 826 246 ἐστιν
842 210 865 254 ἡ
891 208 1080 258 ἐπιστήμη·
1102 204 1170 248 οἷον
1185 241 1195 260 ‚
1218 212 1246 248 εἷ
1271 211 1310 249 τὸ

276 266 441 317 τρίγωνον
463 265 538 317 ἔχει
564 264 624 303 δύο
639 264 760 317 ὀρθάς,
795 267 951 313 ζητεῖται
977 267 1062 320 πρὸς
1084 271 1146 316 τῆς
1167 268 1313 316 ἐπιστή-

279 341 366 376 μης,
390 325 446 363 καὶ
470 326 499 362 εἷ
522 327 543 369 ἡ
569 324 697 371 σελήνη
729 326 950 378 σφαιροειδής
976 328 1061 365 ἐστι·
1083 328 1140 367 διὰ
1171 332 1273 368 τοῦτο
1291 331 1313 376 ἡ

274 381 431 420 εὖὸουλία
450 383 511 420 οὐκ
527 381 599 420 ἔστι
614 386 628 404 ⁸
649 382 774 421 ταύτὸν
795 386 838 434 τῇ
859 383 1018 432 ζητήσει.

326 441 340 456 *
360 439 442 479 ’Έτι
464 441 521 488 δέ,
542 441 621 479 οὐδὲ
647 441 824 492 ἐπιστήμη
850 443 941 482 ἐστὶν
964 447 986 492 ἡ
1007 443 1180 483 εὗὸουλία·
1202 449 1219 485 ὁ
1249 447 1312 497 μὲν

271 499 337 551 γὰρ
356 499 559 547 ἐπιστήμων
582 503 620 539 οὔ
641 504 737 549 ζητεῖ
760 502 840 553 περὶ
858 497 906 542 ὧν
932 502 1144 554 ἐπίσταται,
1163 507 1181 543 ὁ
1203 505 1238 544 δὲ
1259 506 1313 544 εὔ-

271 557 391 602 ὅουλος
411 560 517 605 ζητεῖ·
547 562 567 606 ἡ
589 560 666 643 γὰρο
680 561 842 600 εὖὸουλία
875 563 984 614 βουλή
1006 562 1055 606 τίς
1076 563 1178 601 ἐστιν·
1199 565 1217 587 ³²
1233 568 1254 611 ἡ
1276 566 1311 605 δὲ

272 617 376 669 βουλὴ
402 618 581 665 ζήτησίς’
566 626 666 657 εστιῦ
691 635 750 659 του
773 620 806 658 τί
827 621 880 659 δεῖ
903 622 1082 673 πράττειν·
1109 637 1169 660 και
1186 626 1204 662 ὁ
1225 626 1308 675 βου-

269 675 450 726 λευόμενος
475 679 571 726 ζητεῖ
609 680 668 717 καὶ
700 680 874 730 λογίζεται
908 681 989 734 περὶ
1024 684 1093 720 τῶν
1129 683 1282 735 πράξεων
1296 714 1307 733 ,

269 735 361 781 ὅπως
381 731 418 775 ευ
437 737 498 776 καὶ
526 740 642 783 καλῶς
672 739 852 813 γένωνται·
882 739 974 779 ὥστε
1013 744 1031 788 ἡ
1056 740 1099 791 μὲ
1085 758 1118 779 ν
1149 743 1309 783 εὐὸουλία

268 794 435 842 ζήτησις,
463 798 484 842 ἡ
505 796 540 835 δὲ
563 797 744 848 ἐπιστήμη
771 799 808 837 οὗ
829 797 989 847 τοιαύτη·
1012 801 1034 846 ἡ
1054 799 1262 839 εὗὸουλία
1239 817 1308 854 αρα

268 854 329 891 οὐκ
349 853 442 892 ἔστιν
463 855 656 906 ἐπιστήμη.

320 911 355 928 **
374 910 456 951 Ἔτι
476 913 511 951 δὲ
524 914 627 952 οὐδὲε
615 915 779 968 εὖστοχία
795 917 918 964 εστὶνὴ
939 917 1112 956 εὐὸουλία·
1130 921 1153 966 ἡ
1170 920 1310 973 μὲνγὰρ

267 959 432 1022 εὖστοχία
457 971 536 1010 ἄνευ
556 973 682 1025 χρόνου
699 974 790 1019 τινὸς
809 975 870 1014 καὶ
888 977 1058 1028 λογισμοῦ
1077 977 1137 1016 καὶ
1164 979 1311 1029 μελέτης

265 1027 413 1079 γίνεται·
445 1030 484 1069 τὸ
503 1030 570 1085 γὰρ
585 1035 712 1083 γνῶναι
742 1034 821 1087 περὶ
855 1038 914 1073 τοῦ
935 1035 1164 1087 προκειμένου
1197 1040 1310 1082 καλῶς

266 1088 386 1139 ἀθρόον
408 1088 468 1127 καὶ
493 1091 573 1130 ἄνευ
594 1090 764 1141 μελέτης,
792 1093 895 1132 τοῦτό
916 1097 1010 1133 ἐστιν
1032 1096 1212 1148 εὖστοχία·
1232 1099 1289 1144 ἡ
1271 1098 1306 1136 οὲ

265 1147 426 1186 εὐὸουλία
446 1151 484 1187 οὐ
506 1150 660 1198 τοιαύτη·
692 1152 782 1201 μετὰ
799 1152 866 1204 γὰρ
886 1154 1009 1205 χρόνον
1030 1155 1090 1192 καὶ
1110 1155 1264 1207 βραδέως
1284 1160 1305 1203 ἠ

267 1204 375 1255 βουλὴ
392 1205 536 1258 γίνεται·
561 1209 622 1246 καὶ
640 1208 696 1247 διὰ
716 1225 819 1247 τουτο
840 1211 899 1249 καὶ
919 1216 937 1249 ὁ
957 1214 1024 1249 τῶν
1045 1215 1182 1252 πολλῶν
1210 1215 1309 1264 λόγος

265 1264 372 1316 φησί,
387 1265 455 1303 δεῖν
477 1267 611 1319 ταχέως
636 1267 698 1317 μὲν
717 1270 881 1320 πράττειν
896 1269 939 1307 τὰ
962 1271 1203 1320 βουλευθέντα,
1226 1275 1307 1324 βου-

265 1320 424 1362 λεύεσθαι
444 1323 479 1362 δὲ
508 1326 675 1378 βραδέως.
702 1325 803 1376 ”,Ετι
833 1331 854 1374 ἡ
878 1328 1038 1379 ἀγχίνοια
1071 1328 1185 1382 ἕτερον
1213 1330 1309 1383 παρὰ

264 1380 326 1427 τὴν
347 1381 545 1421 εὐδουλίαν·
567 1385 728 1437 ἀγχίνοια
749 1385 815 1437 γάρ
835 1387 927 1424 ἔστιν
948 1386 1124 1431 ἄσκεπτος
1146 1389 1308 1435 ἀπόδοσις

262 1443 322 1476 τοῦ
343 1439 471 1490 μέσου,
496 1442 655 1488 δηλονότι
671 1446 733 1489 τῆς
753 1444 866 1487 αἰτίας
888 1449 946 1483 τοῦ
973 1446 1208 1497 προτεθέντος·
1229 1451 1250 1494 ἡ
1272 1448 1308 1487 δὲ

263 1497 427 1537 εὖὸουλία
448 1499 538 1549 μετὰ
569 1501 732 1554 σκέψ·εως
760 1502 834 1539 ἔστι
856 1501 921 1554 γὰρ
952 1503 1113 1555 ἀγχίνοια
1145 1506 1308 1559 εὖστοχια

260 1571 322 1600 τις
344 1558 407 1595 οὐκ
427 1557 494 1611 ἄρα
516 1559 677 1612 ἀγχίνοια
695 1562 717 1606 ἡ
739 1559 937 1598 εὐὸουλία’
923 1561 1010 1599 εστί.

315 1614 387 1653 Και
408 1615 475 1669 γὰρ
498 1620 520 1665 ἡ
545 1618 606 1667 μὲν
634 1618 798 1671 εὐστοχία
819 1620 891 1657 ἐστὶ
921 1619 959 1657 τὸ
980 1621 1058 1672 περὶ
1090 1626 1149 1660 τοῦ
1181 1623 1309 1668 παντὸς

261 1688 320 1711 του
342 1679 564 1725 προτεθέντος
590 1677 812 1724 εὐεπηὸόλως
832 1679 952 1716 εἰπεῖν·
980 1682 1002 1726 ἡ
1021 1679 1056 1718 δὲ
1043 1679 1232 1732 ἀγχίνοια
1248 1698 1308 1730 της

261 1731 372 1777 αἰτίας
402 1750 461 1772 του
495 1735 720 1787 προτεθέντος
756 1737 954 1787 ζητήματος
983 1738 1147 1782 ἀπόδοσις
1179 1742 1307 1793 ταχεῖά

261 1790 366 1829 ἔστιν·
386 1786 471 1841 οἷον,
494 1794 550 1831 διὰ
568 1794 603 1833 τί
629 1795 764 1846 βέλτιον
787 1795 1000 1848 ἄρχεσθαι
981 1813 1002 1842 η
1033 1797 1153 1850 ἄρχειν
1177 1799 1211 1836 ἐν
1231 1800 1307 1843 ταῖς

261 1850 491 1904 ὀλιγαρχίαις·
515 1853 568 1892 ότι
595 1855 870 1907 ἀσφαλέστερον·
902 1855 959 1893 διὰ
984 1859 1095 1894 ταῦτα
1119 1856 1180 1907 μὲν
1205 1862 1264 1897 οὖν
1285 1862 1305 1906 ἡ

261 1908 426 1950 εὐδουλία
447 1912 523 1950 οὔτε
540 1914 703 1965 εὐστοχία
722 1942 732 1961 ,
754 1914 832 1953 οὔτε
853 1913 1015 1966 ἀγχίνοιά
1035 1917 1142 1955 ἐστιν,

314 1969 365 1986 ***
387 1970 482 2010 Ἀλλ’
510 1972 585 2011 οὐδὲ
608 1972 723 2018 δόξα’
709 1990 803 2012 εστιν
823 1978 845 2021 ἡ
867 1974 1043 2012 εὖὸουλία·
1072 1977 1210 2014 πολλων
1239 1975 1306 2028 γὰρ

260 2027 366 2067 ὄντων
385 2033 452 2070 τῶν
482 2033 580 2070 εἰδῶν
601 2036 662 2079 τῆς
682 2032 803 2080 δόξης,
826 2032 921 2071 οὐδὲν
943 2032 1071 2071 τούτων
1094 2038 1115 2081 ἡ
1140 2034 1304 2073 εὖὸουλία

259 2087 344 2128 ἐστί·
379 2089 439 2127 καὶ
460 2090 527 2143 γὰρ
548 2093 616 2129 τῶν
641 2091 746 2135 δοξῶν
764 2094 799 2130 αἱ
829 2091 891 2142 μέν
922 2093 987 2130 εἰσι
1020 2093 1304 2145 συμπεράσματα

259 2147 443 2191 διανοίας
430 2148 463 2193 ἐξ
488 2149 640 2201 ἀνάγκης
663 2152 924 2208 ἀποδειχθέντα·
947 2150 1064 2203 ὥσπερ
1082 2151 1120 2189 τὸ
1138 2152 1304 2203 τρίγωνον

259 2206 318 2245 860
338 2207 480 2259 ὀρθὰς”
462 2224 560 2261 εχει,
590 2210 620 2248 εἴ
641 2227 690 2254 τις
713 2210 816 2250 αάπὸ
834 2213 894 2258 τ’ἧς
916 2210 1124 2255 ἀποδείξεως
1147 2211 1299 2259 δοξάζει,

259 2265 399 2310 δόξαν’
382 2282 456 2319 εχει
484 2268 691 2320 ἀναγκαίαν·
710 2279 723 2296 ⁹
746 2273 782 2308 αἱ
815 2269 850 2308 δὲ
888 2269 958 2308 ἀπὸ
984 2270 1130 2316 αἰσθήσε
1116 2287 1179 2314 εως
1198 2272 1303 2308 συνά-

257 2339 395 2374 γονται,
421 2325 496 2365 ὅθεν
518 2327 606 2366 ἔνιαι
635 2329 695 2367 καὶ
724 2329 859 2382 ψευδεῖς
878 2328 1046 2372 πολλάκις
1067 2329 1146 2368 εἶσί.
1181 2332 1301 2369 Πᾶσαι

257 2382 294 2420 δὲ
314 2384 376 2428 τὴν
395 2385 559 2431 ἀλήθειαν
582 2387 704 2439 ἔχουσι
733 2387 849 2434 τέλος,
873 2387 933 2426 καὶ
954 2390 975 2434 ἡ
1002 2388 1144 2440 ὀρθότης
1164 2391 1224 2436 τῆς
1245 2389 1300 2428 δό-

257 2442 314 2487 ξης
333 2445 354 2488 ἡ
376 2444 521 2490 ἀλήθειά
543 2447 631 2483 ἐστι·
657 2450 678 2494 ἡ
697 2446 731 2484 δὲ
757 2446 922 2485 εὗόουλία
943 2446 1040 2491 τέλος
1061 2446 1136 2498 ἔχει
1156 2447 1195 2485 τὸ
1214 2463 1303 2497 συμ-

256 2499 358 2553 φέρον
377 2501 398 2548 ἢ
422 2508 479 2542 τοῦ
501 2505 753 2556 βουλευομένου
768 2535 777 2552 ,
797 2500 860 2560 iu}
877 2505 941 2552 τὴν
966 2504 1092 2557 βουλὴν
1111 2506 1264 2553 δίδωσιν,
1285 2506 1302 2544 ὃ

257 2561 317 2597 καὶ
352 2561 408 2600 διὰ
448 2563 591 2614 ψεύδους
619 2563 680 2602 καὶ
704 2564 842 2612 ἀπάτης
874 2564 1043 2609 πολλάκις
1072 2566 1102 2604 οἱ
1138 2564 1298 2605 εὔὸουλοι

257 2623 496 2672 κατορθουσιν.

310 2679 378 2697 ****
398 2679 483 2719 ’Έτι
504 2681 538 2719 δὲ
562 2683 600 2720 οὔ
624 2687 684 2730 τ’ἧς
702 2682 881 2727 εὖὸουλίας
900 2684 989 2732 ἄλλη
1010 2700 1061 2727 τις
1085 2684 1176 2722 ἐστιν
1199 2685 1298 2737 ὀρθό-

255 2754 337 2789 της,
359 2736 449 2776 ἀλλὰ
468 2739 554 2786 αὐτή
571 2741 663 2779 ἐστιν
682 2742 843 2794 1ὀρθότης
863 2744 1021 2803 βουλῆς·”
1022 2743 1050 2780 εἷ
1065 2741 1132 2794 γὰρ
1153 2745 1170 2780 ὁ
1183 2745 1300 2787 κακῶς

259 2798 539 2848 βουλευόμενος“
522 2801 741 2851 αμαρτάνει,
774 2801 913 2846 πάντως
934 2805 952 2840 ὁ
983 2805 1020 2840 εὐ
1052 2801 1298 2853 βουλευόμενος

255 2855 347 2894 κατὰ
367 2872 424 2893 τον
444 2857 540 2908 ὀρθον
561 2860 761 2909 βουλεύεται
782 2858 895 2911 λόγον.

307 2914 396 2932 *****
416 2913 498 2954 Ἔτι
517 2917 583 2968 γὰρ
605 2919 745 2970 ὀρθότης
766 2922 786 2965 ἦ
808 2920 966 2959 εὖὸουλία
983 2919 1061 2959 οὔτε
1079 2921 1176 2968 δόξης
1189 2951 1200 2970 ,
1219 2921 1297 2960 οὔτε

255 2974 469 3048 ἐπιστήμης,
490 2974 581 3014 ἀλλὰ
601 2979 662 3022 τῆς
682 2978 826 3028 βουλης,
857 2981 903 3022 ὡς
925 2980 1026 3027 δηλοῖ
1045 2979 1106 3018 καὶ
1129 2979 1294 3030 τοῦνομα·

254 3033 452 3083 ἐπιστήμης
474 3034 535 3084 μὲν
557 3035 624 3087 γὰρ
644 3036 787 3086 οὐδεμία
805 3037 966 3088 ὀρθότης,
990 3038 1067 3077 οὐδὲ
1084 3039 1152 3091 γὰρ
1176 3039 1295 3092 ἁμαρ·

253 3091 348 3130 τάνει
366 3095 388 3139 ἡ
412 3094 608 3143 ἐπιστήμη,
632 3094 723 3133 ὥστε
747 3096 929 3147 ὀρθότητος
949 3098 1093 3137 δεῖσθαι.

308 3151 414 3170 ******
435 3154 509 3199 Τῆς
544 3151 580 3190 δὲ
610 3152 711 3201 δόξης
728 3155 750 3200 ἡ
772 3154 933 3205 ὀρθότης,
957 3155 1069 3199 καθὼς
1091 3155 1248 3209 εἴρηται,
1273 3159 1294 3203 ἡ

254 3211 399 3259 ἀλήθειά
409 3213 514 3250 ἐστιν·
532 3211 609 3250 οὔτε
621 3212 734 3250 τοίνυν
750 3212 828 3258 δόξα
842 3213 966 3261 ἐστὶνή
982 3214 1161 3263 εὐδουλία,
1177 3215 1198 3262 ἢ
1215 3217 1295 3253 ἐπι-

1077 121 1364 163 ANDRONIGI
1393 124 1569 179 RHODII

1375 217 1459 249 male
1477 217 1661 265 consultat,
1688 216 1824 260 quaerit.
1847 231 1958 266 neque
1972 226 2079 260 sotum
2095 228 2205 261 contin
2227 212 2347 278 entia(
2370 247 2387 258 ν.

1375 258 1558 290 necessaria
1569 267 1700 307 quoque
1739 265 1937 298 uaeruntur.
1929 266 2123 318 ·inquibus
2138 270 2214 303 vide
2229 270 2292 304 icet
2315 285 2331 301 ιι
2347 272 2381 300 εἴ,
2437 278 2449 284 ·

1756 301 1766 334 i
1793 311 1910 344 causa,
1927 315 2007 340 num
2035 310 2236 358 triangulum
2253 313 2339 347 duas
2355 306 2447 358 ςέο-’ἴ
2458 342 2462 343 ⁷

1375 299 1472 330 habet
1489 299 1649 333 scientia:
1676 309 1732 333 ver

1377 342 1447 372 (ιι-ιε
1469 340 1571 373 lineas
1589 341 1725 380 haheat,
1748 351 1768 375 a
1786 331 1922 378 scientia
1965 350 2112 390 uam-itur,
2131 355 2164 385 et
2189 363 2268 386 num
2283 354 2366 401 glo

1374 380 1544 455 {sumna-2:
1572 391 1676 425 quare
1693 392 1758 417 non
1778 384 1867 419 idem
1884 395 1951 430 quo
1992 393 2135 432 quaestio
2159 396 2209 428 est
2238 395 2332 429 bona

1478 433 1488 455 1

1416 469 1480 502 Sed
1498 479 1558 502 nec
1585 470 1721 505 scientia
1747 475 1798 507 est
1824 474 1909 509 bona
1938 479 2176 514 consultatio.
2167 491 2308 527 ·neque
2326 443 2415 520 mim
2472 488 2503 520 <4

1374 518 1493 559 quaerit
1519 527 1594 560 quae
1617 519 1695 561 scit.
1721 522 1778 564 qui
1804 524 1940 559 scientia
1967 529 2018 560 est
2046 530 2228 572 praeditus,
2255 524 2412 586 quintam

1375 569 1456 601 bene
1473 568 1547 601 aliis
1574 570 1734 610 consulit,
1765 562 1911 615 quaerit·
1943 578 2063 610 etenim
2087 578 2286 623 consilinm

1373 622 1424 652 est
1445 619 1530 652 bona
1557 622 1755 657 consultatio
1793 638 1802 659 :
1836 628 2007 662 consilium
2038 632 2151 667 autem
2177 629 2249 664 est

1372 678 1439 711 qua
1463 669 1545 711 quid
1565 672 1727 712 agendum
1751 675 1813 715 sit,
1835 679 2078 713 constituitur.
2101 683 2135 714 et
2159 681 2231 724 qui·
2238 679 2411 725 m

1372 718 1451 757 init,
1486 720 1607 762 quaerit
1633 721 1675 754 de
1709 725 1892 761 actionibus
1918 731 1952 762 et
1985 731 2191 770 considerat,
2215 738 2288 774 quo'
2316 727 2416 775 ΜΟ

1372 773 1454 806 bene
1473 777 1628 818 recteque
1647 778 1768 820 suscipi
1795 780 1954 821 possint:
1983 781 2096 824 itaque
2113 781 2200 814 bona
2217 779 2416 823 comitano

1372 827 1512 866 quaestio
1530 829 1664 870 quidem
1682 833 1752 870 est,
1771 831 1828 865 sed
1852 832 1988 865 scientia
2012 842 2077 865 non
2101 834 2152 866 est
2170 832 2284 868 talis·
2309 830 2415 881 φμιο

1372 873 1455 908 bona
1477 879 1674 912 consultatio
1690 889 1754 912 non
1770 883 1822 913 est
1840 881 1987 914 scientia.

1415 930 1575 964 Praeterea
1591 942 1632 966 ne
1647 933 1733 967 bona
1751 934 1886 977 quidem
1906 936 2094 978 conjectura
2109 938 2160 970 est
2175 937 2264 971 bona
2287 924 2416 973 eonsul-

1372 987 1475 1020 tatio:
1500 989 1621 1032 quippe
1641 990 1726 1023 bona
1741 992 1927 1034 conjectura
1957 993 2026 1026 sine
2040 995 2188 1036 tempore
2213 996 2274 1028 aut
2289 990 2415 1042 delibe—
2486 994 2492 1045 J

1371 1045 1496 1078 ratione
1514 1049 1572 1078 aut
1590 1047 1803 1080 meditatione
1822 1048 1887 1081 fit:
1915 1058 1992 1082 nam
2008 1049 2052 1083 de
2076 1059 2114 1084 re
2135 1051 2318 1100 proposita
2326 1052 2416 1093 recte
2469 1094 2473 1095 ⁷

1371 1099 1470 1134 simul
1496 1101 1616 1134 sentire
1644 1104 1677 1135 et
1701 1102 1770 1135 sine
1797 1103 1866 1136 ulla
1892 1103 2107 1152 meditatione
2135 1104 2306 1148 judicare,
2315 1097 2416 1140 ἰιοιιει

1371 1157 1560 1198 conjectura
1589 1155 1673 1190 est:
1696 1159 1773 1191 talis
1799 1168 1878 1192 vero
1899 1169 1964 1194 non
1991 1162 2042 1194 est
2068 1160 2155 1194 hona
2177 1157 2414 1205 mutuato:

1370 1212 1526 1245 nimirum
1542 1213 1637 1254 longo
1653 1205 1799 1256 tempore
1815 1224 1854 1247 ac
1865 1216 1961 1249 tarde
1971 1216 2147 1250 consilium
2157 1217 2288 1260 capitur
2300 1229 2311 1251 τ
2328 1217 2418 1251 ideo-

1369 1275 1435 1308 que
1459 1267 1559 1309 vulgo
1577 1268 1709 1308 dicunt,
1738 1278 1776 1302 ea
1802 1269 1844 1303 de
1862 1270 1984 1312 quibus
2011 1271 2249 1306 consultaveris
2267 1271 2415 1314 θοῐοιίῐοι·

1370 1332 1440 1356 esse
1459 1324 1599 1365 agenda,
1620 1325 1678 1359 sed
1713 1325 1800 1359 lente
1825 1327 2078 1361 consultandum
2093 1336 2178 1362 esse.
2197 1329 2336 1373 Insuper
2351 1335 2414 1362 ‘ea-

1369 1378 1492 1420 gacitas
1512 1389 1531 1412 a
1549 1379 1634 1413 bona
1658 1381 1896 1415 consultatione
1920 1382 2052 1416 diversa
2067 1384 2119 1416 est
2135 1393 2144 1416 ε
2162 1383 2417 1428 mmmm
2459 1415 2462 1436 ι

1369 1433 1608 1467 inconsiderata
1624 1436 1658 1468 et
1674 1438 1804 1477 promta
1820 1436 1920 1470 medii
1950 1437 2134 1480 assignatio
2146 1439 2214 1477 est,
2228 1437 2276 1472 ita
2295 1437 2416 1473 videti-

1369 1491 1421 1522 cet
1436 1490 1485 1523 rei
1499 1490 1541 1523 de
1560 1501 1628 1533 qua
1651 1491 1760 1533 agitur
1779 1501 1911 1525 causam
1938 1502 2022 1526 voco
2043 1506 2052 1526 ε
2076 1494 2159 1527 bona
2182 1502 2263 1527 vero
2279 1493 2414 1528 cousul-

1370 1545 1452 1577 tatio
1488 1555 1564 1579 cum
1598 1547 1857 1580 consideratione
1885 1548 2038 1590 conjungi
2076 1549 2159 1582 solet
2191 1561 2199 1581 :
2240 1550 2292 1583 est
2328 1547 2415 1583 enim

1370 1601 1530 1643 sagacitas
1548 1602 1793 1644 quodammodo
1817 1603 1902 1636 bona
1917 1604 2106 1646 coniectura
2124 1618 2132 1637 ε
2157 1613 2236 1646 ergo
2255 1603 2416 1647 sagacitas

1369 1662 1433 1685 non
1449 1655 1499 1686 est
1520 1654 1603 1687 bona
1626 1654 1834 1688 consultatio.
1864 1656 1994 1688 Etenim
2013 1656 2097 1689 bona
2122 1657 2311 1699 conjectura
2338 1658 2410 1695 est,

1368 1709 1409 1742 de
1424 1710 1511 1742 omni
1533 1719 1568 1743 re
1596 1711 1764 1752 proposita
1780 1713 1868 1743 recte
1890 1712 2051 1745 disserere
2072 1725 2080 1744 ι
2103 1713 2266 1755 sagacitas
2283 1721 2362 1747 vero
2379 1713 2415 1746 in

1368 1770 1467 1794 causa
1490 1762 1538 1794 rei
1566 1762 1742 1805 propositae
1769 1765 1897 1805 promte
1931 1763 2033 1796 allata
2061 1765 2209 1798 cernitur
2231 1777 2240 1798 :
2270 1764 2413 1809 exelnpli

1368 1815 1489 1857 gratia,
1512 1824 1571 1847 cur
1586 1815 1619 1847 in
1644 1825 1823 1857 paucorum
1842 1816 1988 1857 potentia
2003 1825 2118 1859 parere
2135 1826 2238 1860 quam
2250 1817 2414 1868 imperare
2471 1848 2473 1850 .
2490 1826 2495 1834 ··

1369 1869 1473 1901 satius
1489 1869 1532 1900 sit
1550 1881 1558 1900 ε
1582 1869 1661 1910 quia
1681 1871 1731 1901 est
1755 1869 1884 1901 tutius:
1903 1869 2121 1911 quamobrem
2140 1869 2227 1903 bona
2249 1868 2413 1917 consulta·
2469 1878 2474 1881 ·

1367 1921 1414 1953 tio
1433 1930 1492 1954 nec
1513 1921 1598 1954 bona
1612 1922 1799 1963 conjectura
1825 1923 1891 1961 est,
1917 1931 1977 1955 nec
1993 1922 2166 1964 sagacitas.

1409 1978 1474 2011 Sed
1509 1988 1569 2011 nec
1594 1979 1704 2021 opinio
1734 1981 1784 2012 est
1808 1979 1893 2012 bona
1924 1980 2123 2013 consultatio
2144 1988 2160 2012 ἰ
2185 1989 2292 2023 quum
2323 1981 2410 2015 enim

1367 2037 1483 2070 multae
1514 2038 1580 2070 sint
1606 2038 1795 2080 opinionum
1828 2038 1971 2080 species,
1998 2039 2089 2071 nulla
2114 2048 2229 2073 earum
2252 2041 2307 2072 eat
2323 2040 2411 2086 hona

1366 2096 1563 2129 consultatio
1587 2107 1594 2128 :
1615 2096 1736 2139 quippe
1753 2096 1828 2130 aliae
1843 2097 2010 2139 opiniones
2025 2097 2163 2130 rationis
2186 2096 2423 2137 conclusione&

1366 2157 1443 2188 sunt
1473 2155 1657 2188 necessario
1685 2155 1920 2188 demonstratae
1950 2167 1958 2188 ι
1988 2155 2081 2189 velut
2102 2155 2303 2198 triangulum
2325 2155 2411 2194 duas

1364 2214 1485 2248 habere
1515 2217 1622 2247 rectas
1649 2214 1765 2253 lineas,
1792 2214 1821 2247 si
1843 2216 1919 2257 quis
1944 2214 2224 2248 demonstratione
2244 2213 2440 2268 adauctu·

1365 2273 1495 2313 credat,
1512 2273 1697 2315 opinionem
1721 2273 1822 2306 habet
1846 2273 2064 2306 necessariam
2090 2284 2098 2305 :
2118 2273 2193 2306 aliae
2215 2282 2235 2306 a
2257 2260 2431 2325 sensihusffi
2467 2309 2481 2317 ἱ

1365 2332 1602 2374 concipiuntur,
1632 2332 1720 2365 unde
1757 2332 1922 2365 nonnullae
1950 2341 2039 2374 saepe
2068 2332 2169 2365 etiam
2197 2331 2290 2366 falsoe
2315 2334 2403 2366 sunt.

1366 2393 1477 2429 Quum
1517 2394 1627 2424 autem
1659 2391 1834 2424 veritatem
1871 2399 1985 2423 omnes
2012 2391 2214 2433 propositam
2238 2390 2401 2430 habeant,

1363 2449 1524 2490 opinionis
1543 2451 1632 2482 recta
1649 2449 1774 2491 species
1786 2449 1858 2490 ipsa
1874 2449 1997 2482 veritas
2010 2450 2060 2481 est
2075 2462 2084 2481 ι
2106 2451 2141 2482 at
2157 2449 2252 2482 bonae
2275 2450 2406 2484 consul-

1363 2508 1497 2540 tationis
1509 2508 1583 2541 finis
1604 2510 1654 2541 est
1668 2508 1721 2540 vel
1737 2507 1975 2547 consultantis,
1995 2507 2048 2541 vel
2071 2508 2143 2550 eius
2162 2508 2216 2541 cui
2232 2508 2421 2559 consilium¹

1362 2566 1420 2600 dat
1455 2567 1601 2606 utilitas,
1629 2577 1730 2610 quam
1762 2576 1833 2600 rem
1856 2567 1953 2609 periti
1981 2567 2158 2600 consiliarii
2180 2575 2407 2610 saepenumero

1363 2628 1435 2660 tum
1453 2628 1632 2661 mendaciis
1663 2630 1735 2661 tum
1762 2627 1880 2661 fraude
1896 2630 2154 2670 consequuntur.

1403 2689 1567 2720 Praeterea
1591 2687 1684 2720 bonae
1701 2687 1950 2720 consultationis
1976 2696 2041 2720 non
2065 2687 2155 2720 aliud
2180 2688 2326 2726 rectum,
2345 2687 2404 2722 sed

1360 2747 1430 2789 ipsa
1456 2746 1581 2778 consilii
1609 2748 1700 2778 recta
1721 2745 1806 2777 ratio
1830 2746 1882 2778 est
1909 2757 1917 2777 :
1942 2744 1971 2777 si
1992 2744 2079 2778 enim
2096 2745 2155 2787 qui
2169 2745 2256 2778 male
2270 2745 2403 2780 consul-

1360 2808 1429 2844 tat,
1450 2805 1587 2844 fallitur,
1606 2805 1739 2837 omnino
1760 2804 1819 2847 qui
1845 2805 1927 2837 hene
1956 2804 2142 2846 consultat,
2158 2807 2258 2839 rectae
2281 2805 2402 2840 rationi

1359 2865 1588 2897 convenienter
1609 2864 1784 2896 consultat.

1400 2926 1461 2956 Est
1494 2924 1581 2956 enim
1607 2925 1736 2956 rectum
1762 2923 1846 2955 bona
1872 2922 2070 2955 consultatio
2091 2931 2200 2965 neque
2221 2923 2397 2966 opinionis,

1358 2992 1465 3025 neque
1494 2983 1655 3021 scientiae,
1683 2981 1741 3015 sed
1770 2981 1916 3020 consilii,
1940 2982 2026 3014 sicut
2055 2982 2164 3024 ipsum
2188 2982 2313 3016 indicat
2341 2991 2402 3016 no-
2454 2992 2508 3029 εχει·

1357 3052 1455 3075 men:
1486 3042 1607 3085 quippe
1640 3041 1786 3074 scientiae
1817 3040 1908 3073 nulla
1939 3043 1990 3073 est
2018 3043 2108 3074 recta
2140 3041 2282 3083 species,
2320 3041 2421 3085 quia
2467 3035 2502 3073 (τ

1358 3102 1493 3134 scientia
1508 3111 1571 3134 non
1593 3102 1723 3143 peccat,
1752 3102 1791 3133 ut
1810 3102 1901 3132 recta
1917 3100 2026 3142 specie
2041 3100 2199 3142 indigeat.

1399 3161 1568 3203 Opinionis
1583 3170 1662 3194 vero
1680 3161 1771 3193 recta
1787 3159 1928 3201 species,
1955 3159 2042 3192 sicut
2067 3159 2233 3198 diximus,
2261 3161 2312 3193 est
2336 3168 2398 3194 ve-

1356 3220 1437 3253 ritas
1462 3231 1470 3254 :
1507 3229 1612 3263 quare
1635 3228 1742 3262 neque
1763 3218 1873 3262 opinio
1901 3220 1950 3251 est
1975 3218 2059 3251 bona
2085 3219 2304 3258 consultatio,
2339 3221 2399 3252 a'ut

293 3325 309 3342 *
331 3324 515 3366 Ἐπῑστήμη
535 3325 589 3366 μὲν
610 3325 648 3363 δὴ
664 3324 721 3356 Οὐκ
736 3325 831 3366 ἔστιν,
849 3326 917 3357 κτλ
938 3341 980 3349 —
999 3326 1035 3343 *¹*
1054 3325 1145 3359 Ἀλλὰ
1167 3327 1226 3367 μὴν
1260 3329 1326 3359 οὐδ’
1355 3328 1527 3369 εὐστοχία,
1546 3330 1615 3360 m).
1638 3344 1679 3350 —-
1697 3327 1757 3346 *⁹¹
1772 3326 1854 3358 Οὐδὲ
1871 3326 1910 3364 δὴ
1935 3326 2032 3366 δόξα,
2062 3326 2134 3358 κτλ.
2159 3342 2200 3348 -
2215 3324 2292 3344 *st*
2315 3323 2395 3358 Ἀλλ’

253 3369 347 3403 ἐπεὶ“
334 3385 351 3405 ο
371 3373 426 3414 μὲν
444 3377 551 3410 κακῶς
572 3372 814 3414 βουλευόμενος,
830 3373 898 3405 κτλ.
914 3389 955 3397 -
972 3373 1068 3392 *****
1084 3373 1159 3405 Οὔτ’
1177 3374 1353 3416 ἐπιστήμης
1367 3376 1401 3407 δὲ
1413 3377 1482 3407 κτλ
1498 3375 1668 3399 ...an
1686 3374 1785 3413 Δόξη,
1802 3374 1830 3406 δ
1843 3373 1990 3415 ὀρθότης,
2013 3350 2081 3406 χ’τλ

2475 2944 2508 2958 a}
2475 2348 2508 2936 „flgnmmfflarmffmefflfflffl
2492 2285 2508 2340 222,-
2476 2129 2508 2270 ‚itan-443.
2504 2116 2508 2117 ,
2484 2091 2495 2102 ’“·

2493 1973 2508 2078 satana-³
2484 1889 2485 1894 Α
