2508 3776
62 70 134 111 ,οὓς

56 120 58 122 ,
79 110 110 126 ,με

72 124 77 126 “
88 125 103 146 sd

72 251 89 299 ’ἰ
133 238 476 296 σῦφροναλγκρατῆ
503 234 614 280 εἶναι·
645 242 706 282 καὶ
725 242 778 282 ἔτι
806 242 888 296 περὶ
909 247 970 284 τοῦ
993 243 1182 298 τετάρτου,

114 297 266 358 ῥίγης’
282 311 304 332 ε
332 300 508 354 ἐγκρατὴς
538 301 703 355 σώφρων.
742 303 905 357 Φανερὸν
936 303 972 344 δὲ
998 304 1099 345 ἔσται
1123 307 1189 345 λα-

55 356 242 422 *sssoe‘ffiffl
254 358 315 400 ,τὸν
337 360 486 413 ὁρισμὸν
505 365 565 401 τοῦ
585 363 797 415 ἐγκρατοῦς·
818 362 895 402 ἔστι
915 362 957 411 δὴ
980 363 1153 416 ἐγκρατὴς
1171 366 1190 404 6

5 431 7 434 ⁴
61 417 390 471 ιᾖθισνᾶμενοις
421 425 507 472 πρὸς
540 421 688 474 ἰσχυρὰς
730 420 791 461 καὶ
824 421 962 474 φαύλας
984 422 1184 474 ἐπιθυμίας·

31 511 39 514 ι
59 477 78 515 ἶ,
103 469 209 533 ἐξα
233 476 305 532 ἄρα
330 481 349 518 6
369 478 543 533 ἐγκρατὴς
569 480 717 533 ἰσχυρὰς
737 479 799 520 καὶ
821 480 961 534 φαύλας
975 481 1182 532 ἐπιθυμίας·

111 534 230 591 {js-&h
255 539 277 577 ὃ
296 537 447 591 σώφρων
470 539 573 578 ἔσται
598 539 795 592 ἐγκρατής,
812 540 881 586 ἕξει
910 540 1047 593 φαύλας
1065 542 1188 581 ἐπιθυ-

2 607 7 646 j
78 593 221 648 μί’μζας
248 595 310 636 καὶ
331 597 497 651 ἰσχυράς·
529 597 616 650 ὅπερ
649 597 805 652 ἐναντίον
834 597 909 636 ἐστὶ
940 601 990 650 τῷ
1007 599 1102 652 λόγῳ
1127 603 1190 648 τῆς

69 648 111 708 ³‘j
130 653 381 709 σωφροσύνης·
404 658 440 696 ἐν
470 656 540 710 γὰρ
570 659 621 711 τῷ
654 655 800 696 ἕπεσθαι
830 655 894 701 τὰς
923 657 1110 709 ἐπιθυμίας
1139 662 1190 713 τῷ

76 717 90 754 Ῐ·
134 712 232 770 λόγῳ
251 717 275 764 ἡ
296 716 523 770 ,σωφροσύνη
555 716 595 755 οὗ
626 716 852 756 συνίσταται·
870 716 986 761 ἄλλως
1004 732 1042 756 τε
1074 720 1094 757 ὁ
1125 718 1188 770 μὲν

80 800 81 803 =
134 773 285 831 σῶφρων
303 775 429 825 ἥδεται
451 771 502 823 οἶς
533 776 707 830 πράττει,
740 776 856 821 ἄλλως
875 775 943 830 γὰρ
975 778 1038 815 οὐκ
1067 776 1108 815 ἂν
1147 772 1189 825 ἦν

133 839 305 895 σώφρων·
322 843 343 880 6
361 841 400 881 δὲ
420 842 597 896 ἐγκρατὴς
631 842 667 881 ἐν
688 843 798 894 ἀγῶνι
827 840 876 881 ὢν
901 841 963 880 καὶ
983 841 1083 894 μάχῃ
1104 842 1189 894 πρὸς

53 903 94 953 ›vf'q
136 898 201 946 τὰς
217 899 428 953 Muttine,
449 903 516 954 οὐχ
536 901 679 950 ἥδεται·
700 904 722 949 ἡ
745 902 812 956 γὰρ
835 899 942 949 ἡδονὴ
963 903 998 940 ἐν
1037 905 1080 955 τῇ
1105 904 1187 955 ἠρε-

59 953 325 1014 ”·”τ,,,ρίᾳίστίν”
343 958 398 1000 ἔτι
411 960 471 1000 τὸν
486 959 615 1014 ἔχοντα
634 960 704 1007 ἕξιν
719 960 879 1014 ἀνδρείας
897 959 914 984 ¹¹
935 961 1078 1000 ἐπιόντα
1096 960 1189 1006 ἐξαί-

80 1035 115 1060 μ’
133 1028 222 1074 W
237 1018 283 1059 τὰ
301 1018 459 1074 φοὸερά,
478 1020 541 1060 καὶ
557 1020 640 1073 πρὶν
666 1023 718 1075 τῷ
737 1020 832 1075 λόγῳ
852 1022 933 1060 κατ’
957 1022 1073 1060 αὐτῶν
1094 1020 1189 1075 χρή-

56 1075 117 1118 'ss‘z-
130 1078 282 1130 ment,
303 1080 344 1119 οὖ
364 1079 546 1135 ταράττει·
572 1081 705 1133 ὁμοίως
734 1081 776 1130 δὴ
797 1081 858 1121 τὸν
885 1080 1014 1135 ἔχοντα
1032 1081 1099 1128 ἕξιν
1121 1098 1191 1121 σω-

127 1137 311 1192 φροσύνης
340 1139 380 1180 οὗ
397 1139 538 1188 κινήσει
559 1141 604 1180 τὰ
623 1141 734 1194 ἡδέα,
761 1140 822 1180 καὶ
844 1140 928 1194 πρὶν
952 1141 1034 1195 περὶ
1069 1142 1185 1181 αὐτῶν

133 1196 353 1253 σκέψασθαι,
371 1198 436 1239 καὶ
454 1201 513 1241 τὸν
531 1200 636 1253 λόγον
658 1203 892 1250 ἀντιστῆσαι·
914 1203 933 1240 6
954 1200 991 1240 δὲ
1018 1201 1190 1255 ἐγκρατὴς

54 1278 68 1299 s
134 1257 176 1298 οὔ
202 1261 378 1304 τοιοῦτος·
411 1261 448 1300 ἐν
479 1259 551 1315 γὰρ
580 1262 631 1314 τῷ
667 1262 871 1315 χρήσασθαι
900 1263 951 1314 τῷ
984 1260 1080 1316 λόγῳ
1109 1262 1189 1301 κατ’

62 1340 74 1373 j
136 1317 255 1358 ιῦτῶν
274 1318 335 1358 καὶ
355 1318 585 1360 ἀνθίστασθαι
607 1320 695 1374 πρὸς
723 1321 831 1366 αὐτὰς
847 1326 869 1370 ὴ
893 1321 1082 1374 ἐγκράτεια
1103 1338 1188 1361 συν-

50 1376 77 1431 ⁷}
138 1375 304 1418 brunon
331 1378 495 1431 λέγεται·
514 1381 547 1420 εἰ
568 1379 634 1433 μὲν
658 1380 727 1434 γὰρ
757 1381 914 1434 χρησταὶ
941 1383 977 1421 αἱ
1008 1381 1189 1433 ἐπιθυμίαι

19 1451 22 1453 ’
52 1461 78 1487 st
134 1440 197 1478 τοῦ
218 1439 428 1492 ἐγκρατοῦς,
447 1439 566 1496 φαύλη
587 1443 609 1490 ἡ
628 1442 817 1495 ἐγκράτεια
833 1472 844 1492 ,
864 1442 1050 1489 κωλύουσα
1066 1443 1190 1488 αὖταῖς

132 1499 316 1552 χρῆσθαι·
339 1499 371 1538 εἰ
391 1498 429 1538 δὲ
455 1501 613 1544 ἀσθενεῖς
632 1499 694 1538 καὶ
711 1502 750 1540 οὗ
769 1502 903 1555 φαῦλαι
916 1532 927 1551 ,
942 1502 1043 1541 οὐδὲν
1063 1502 1190 1555 σεμνὸν

133 1556 158 1604 ἥ
264 1555 365 1596 ἅτεια
378 1572 390 1582 ·
406 1560 469 1596 νῦν
503 1556 541 1598 δὲ
563 1557 710 1607 τοιαύτη
732 1560 841 1598 δοκεῖ·
871 1561 902 1599 εἷ
921 1562 958 1601 δὲ
978 1563 1111 1615 φαῦλαι
1131 1561 1190 1601 καὶ

47 1647 51 1665 3
63 1647 65 1650 .
87 1670 90 1671 ⁷
207 1620 320 1664 ενιῖς,
340 1615 440 1656 οὐδὲν
471 1616 564 1672 μέγα
594 1617 636 1657 τὸ
654 1619 823 1660 τοιούτων
847 1626 1011 1672 κρατεῖν·
1031 1621 1124 1660 ὥστε
1151 1622 1190 1660 οὐ

46 1683 53 1712 :i
131 1673 227 1726 μίγα
256 1678 281 1724 ἡ
319 1675 528 1730 ἐγκράτεια·
561 1677 724 1718 λείπεται
766 1681 809 1727 δὴ
840 1679 978 1732 φαύλας
1009 1675 1100 1719 εἶναι
1129 1678 1192 1725 τὰς

47 1734 75 1775 f
131 1733 322 1787 Ξτιθυμίας
340 1740 401 1776 τοῦ
420 1737 614 1790 ἐγκρατοῦς
634 1738 695 1777 καὶ
715 1739 882 1793 ἰσχυράς.
910 1739 982 1780 Καὶ
1001 1739 1060 1778 διὰ
1090 1743 1191 1779 τοῦτο

69 1816 82 1843 1
130 1791 213 1909 ἵνα
240 1796 260 1834 6
293 1791 444 1850 σώφρων
466 1790 643 1851 ἐγκρατὴς
670 1796 714 1837 ἂν
749 1798 827 1847 εἴη,
859 1798 938 1838 οὔτε
963 1801 982 1838 6
1013 1799 1190 1853 ἐγκρατὴς

39 1870 42 1891 1
211 1869 296 1908 ρων.

186 1913 358 1969 (80τίρεὶ
388 1928 398 1956 :
418 1920 434 1940 ⁸
458 1916 492 1956 εἴ
511 1918 603 1971 πως]
627 1919 717 1961 cod.
740 1917 858 1964 εἴπως.
887 1942 939 1950 -
958 1922 974 1946 ¹³
1012 1919 1189 1974 ἀνδρείας]

9 1990 31 2002 -‘
43 1976 66 2031 3*
129 1973 221 2016 eod.
243 1973 398 2030 ἀνδρίας.
414 1976 485 2028 -)

535 2092 626 2144 κεφ-
733 2091 787 2144 [γ]

340 2201 416 2235 Ὅτι
435 2202 496 2236 οὐκ
515 2202 600 2236 ἔστιν
624 2205 642 2236 ὁ
661 2203 808 2246 φρόνιμος
828 2204 976 2247 ἀκρατής.

34 2334 54 2361 3
148 2309 153 2314 ’
184 2300 256 2343 Ἕκ
269 2304 342 2343 τῶν
374 2304 573 2359 εἰρημένων
589 2305 626 2345 δὲ
647 2306 821 2361 φανερᾴν,
844 2307 904 2346 καὶ
934 2306 987 2346 ὅτι
1011 2307 1049 2346 οὗ
1083 2306 1186 2345 δύνα-

129 2372 192 2401 ται
210 2363 230 2401 6
249 2361 417 2416 φρόνιμος
435 2363 594 2419 ἀκρατὴς
612 2358 718 2406 εἶναι.
737 2365 843 2406 Ἐπεὶ
867 2365 937 2419 γὰρ
957 2368 1002 2419 τῇ
1023 2366 1189 2420 φρονήσει

126 2418 255 2463 ἕπεται
271 2423 334 2463 καὶ
351 2425 375 2472 ἡ
393 2425 603 2479 σωφροσύνη
617 2456 629 2474 ,
652 2426 706 2465 ὅτι
725 2425 786 2465 καὶ
814 2431 914 2465 πᾶσα
934 2428 1040 2474 ἠθικὴ
1060 2425 1184 2479 ἀρετή,

128 2481 150 2520 6
171 2479 211 2522 ὃὶ
229 2481 379 2538 σώφρων
398 2485 439 2524 οὗ
459 2484 604 2525 δύναται
623 2484 799 2539 ἐγκρατὴς
821 2479 912 2525 εἶναι
926 2516 935 2534 ,
957 2486 1081 2539 πολλῷ
1099 2487 1189 2537 μᾶλ-

129 2540 292 2583 λον“οόδὶ
308 2542 467 2596 ἀκρατής
482 2545 595 2585 ἐστιν·
621 2545 653 2585 εὶ
671 2545 709 2585 δὲ
736 2549 860 2597 τοῦτο,
877 2545 957 2585 οὐδὲ
983 2548 1002 2585 6
1020 2545 1189 2600 φρόνιμος

132 2601 292 2656 ἀκρατὴς
306 2601 350 2643 ἂν
366 2603 434 2653 εἴη.

569 2721 663 2773 Κεφ.
698 2719 745 2765 ς’.

245 2842 356 2881 Ὅπως
373 2845 508 2883 ζητῆσαι
523 2844 571 2876 δεῖ
588 2843 624 2877 τὸ
638 2844 707 2886 περὶ
726 2842 911 2887 ἐγκρατείας
929 2843 1066 2885 ζήτημα.

48 2981 75 2991 ..
94 2974 98 2992 ,
183 2937 205 2959 ⁴
219 2936 398 2986 Ζητητέον
415 2937 452 2977 δὲ
472 2937 534 2977 καὶ
553 2937 633 2992 περὶ
653 2943 713 2978 τοῦ
730 2937 833 2978 ἕκτου
847 2968 859 2989 ,
875 2940 906 2978 εἷ
921 2938 1002 2991 περὶ
1016 2940 1171 2978 πλοῦτον

50 2995 99 3050 ⁵3,
128 2996 192 3038 zat
212 2996 314 3044 δόξαν
334 2998 396 3038 καὶ
413 2998 537 3044 ἁπλῶς
554 3005 624 3038 πᾶν
646 2998 862 3051 ἐπιθυμητὸν
880 3001 903 3047 ἡ
929 2998 1086 3052 ἀκρασία
1109 2999 1183 3038 ἐστὶ

43 3078 62 3115 ι’
98 3109 103 3116 .
128 3056 192 3098 ant
217 3059 240 3105 ἡ
269 3057 476 3112 ἰγκράτεια.
507 3059 581 3100 Καὶ
608 3060 639 3098 εἰ
667 3063 793 3107 τοῦτο,
809 3057 870 3098 καὶ
890 3060 909 3097 6
929 3058 1011 3112 περὶ
1037 3057 1186 3098 ἕκαστον

47 3122 66 3149 ἶ
129 3115 264 3156 τούτων
300 3119 502 3173 ἐπιῤῥεπῶς
528 3118 620 3173 ἔχων
656 3119 815 3173 ἀκρατής
835 3120 930 3167 ἐστι,
951 3118 1119 3167 ζητητέον
1135 3119 1186 3165 τίς

69 3176 72 3180 ’
129 3176 154 3230 δ’
169 3175 291 3221 ἅπλῶς
309 3177 483 3231 ἀκρατής·
508 3179 547 3218 οὔ
566 3178 635 3232 γὰρ
666 3181 685 3218 6
706 3178 789 3232 περὶ
809 3178 927 3217 πάντα
948 3177 1041 3231 ἔχων
1060 3178 1184 3229 οὕτως,

131 3233 246 3274 ἐστίν·
268 3235 380 3281 οὐδεὶς
408 3236 479 3290 γὰρ
507 3237 650 3282 ἁπάσας
685 3237 759 3290 ἔχει
790 3238 853 3280 τὰς
880 3238 1072 3292 ἀκρασίας·
1095 3236 1187 3278 ὥστε

174 3417 191 3435 *
206 3416 282 3453 Ἔτι
298 3420 326 3452 εἰ
341 3421 416 3464 περὶ
435 3421 543 3455 πάντα
557 3417 702 3466 ἀκρασία
718 3422 790 3456 ἐστὶ
809 3423 865 3456 καὶ
881 3420 1055 3466 ἐγκράτεια
1071 3445 1080 3465 ,
1094 3422 1164 3456 κτλ.

634 153 934 196 ETHICORUM
961 154 1411 198 NlCOMACHEORUM
1439 155 1812 198 PARAPHRASIS.

130 3293 291 3347 ζητῶμεν
308 3295 367 3336 τὸν
383 3297 511 3351 κυρίως
530 3301 686 3351 ἀκρατῆ.
703 3300 737 3338 T
740 3297 762 3337 ὰ
780 3297 844 3349 μὲν
859 3291 918 3337 οὖν
939 3298 1127 3349 ζητήματα
1141 3298 1187 3338 τὰ
1203 3338 1207 3341 ,

2219 159 2295 198 461

1253 261 1336 286 nens
1351 264 1361 285 z
1386 260 1425 285 ae
1446 255 1606 295 praeterea
1623 252 1666 288 de
1683 256 1822 296 quarto,
1845 252 1932 286 sitne
1951 252 2124 286 continens
2139 251 2304 295 quodam-

1251 311 1351 345 modo
1389 313 1594 355 temperans,
1628 312 1812 347 videamus.
1839 313 1913 346 Erit
1940 315 2053 347 autem
2071 313 2135 347 hoc
2164 312 2306 348 munire·

1251 372 1363 412 stum,
1393 371 1423 404 si
1451 371 1650 404 continentis
1681 372 1907 406 definitionem
1927 382 2101 407 sumamus
2130 376 2205 407 :est
2229 382 2307 415 ergo

1250 429 1435 470 continens,
1476 430 1535 472 qui
1573 431 1830 465 vehementibus
1859 432 2025 476 malisque
2065 432 2308 476 cupiditatibus

1250 488 1377 522 resistit
1407 479 1653 523 {vehementes
1678 499 1755 533 ergo
1781 491 1954 535 malasque
1981 492 2182 536 cupiditates
2206 493 2308 527 habet

1250 549 1422 583 continens
1442 562 1452 582 ι
1480 549 1508 583 si
1534 550 1636 592 igitur
1672 553 1860 594 temperans
1888 552 1952 586 erit
1983 553 2174 592 continens,
2202 553 2309 587 malas

1251 609 1350 642 simul
1379 612 1414 643 et
1434 609 1648 644 vehementes
1674 611 1873 654 cupiditates
1905 612 2044 646 habebit
2070 626 2078 645 :
2109 612 2201 656 quod
2232 621 2310 646 cum

1252 669 1480 712 temperantiae
1502 671 1636 705 notione
1666 675 1792 715 pugnat
1814 684 1821 705 :
1845 682 1952 716 neque
1978 673 2065 706 enim
2089 673 2124 706 in
2143 681 2183 706 eo
2199 681 2310 706 versa·
2376 674 2379 677 '

1252 729 1309 760 tur
1340 731 1576 772 temperantia,
1609 734 1647 764 ut
1670 732 1790 766 rationi
1818 733 2019 776 cupiditates
2046 732 2276 775 obtemperent
2298 743 2308 765 t

1251 784 1372 820 deinde
1384 790 1574 830 temperans
1601 791 1724 833 gaudet
1736 791 1778 824 iis
1792 801 1868 834 quae
1895 792 1981 835 agit,
2008 791 2089 835 quia
2102 791 2227 834 alioqui
2245 801 2310 824 non

1252 842 1340 878 foret
1361 847 1552 889 temperans
1570 861 1578 881 ε
1608 852 1643 883 at
1662 851 1834 884 continens
1849 851 2007 894 quoniam
2022 860 2099 884 cum
2115 850 2310 894 cupiditati-

1252 902 1317 936 bus
1345 905 1489 948 confligit
1513 910 1546 941 et
1561 912 1776 951 conflictatur,
1799 919 1865 943 non
1891 910 2038 953 gaudet:
2059 919 2138 943 nam
2156 910 2312 953 voluptas

1252 962 1400 1005 quietem
1427 966 1516 1008 capit
1549 980 1558 1000 ε
1591 977 1689 1010 porro
1711 979 1806 1008 eum,
1834 969 1894 1012 qui
1927 969 2136 1004 fortitudinis
2157 970 2311 1003 habitum

1251 1025 1451 1058 consecutus
1471 1026 1534 1066 sit,
1563 1028 1676 1060 subito
1708 1028 1896 1070 ingruentia
1924 1029 2071 1071 pericula
2093 1029 2224 1071 aliaque
2246 1028 2313 1062 for-

1251 1084 1438 1125 midabilia,
1457 1085 1558 1119 etiam
1576 1086 1774 1129 priusquam
1796 1087 1923 1120 ratione
1944 1089 2058 1120 contra
2071 1096 2110 1120 ea
2124 1096 2159 1120 se
2180 1086 2314 1120 munie-

1250 1145 1316 1187 rit,
1343 1154 1409 1178 non
1438 1147 1565 1179 terrent
1597 1157 1604 1178 :
1631 1145 1784 1179 similiter
1820 1148 1855 1179 et
1874 1155 1952 1179 eum
1991 1146 2052 1189 qui
2083 1146 2313 1189 temperantiae

1251 1204 1405 1238 habitum
1420 1205 1504 1248 gerit
1522 1214 1588 1238 non
1612 1205 1798 1239 movebunt
1814 1205 1980 1248 Jucunda‚
2000 1205 2079 1239 licet
2098 1206 2247 1239 nondum
2271 1205 2314 1239 de

1251 1264 1293 1298 iis
1308 1265 1524 1307 cogitaverit,
1541 1264 1770 1307 rationemque
1789 1265 1833 1298 ils
1850 1265 2044 1308 opposuerit
2066 1277 2074 1298 ι
2095 1265 2175 1298 talis
2199 1266 2313 1298 autem

1252 1333 1318 1357 non
1334 1325 1386 1358 est
1405 1325 1578 1358 continens
1594 1337 1604 1357 ι
1620 1324 1656 1357 in
1671 1324 1735 1357 hoc
1749 1324 1822 1366 ipso
1834 1324 1924 1358 enim
1935 1349 1943 1363 ,
1959 1325 1998 1356 ut
2010 1323 2138 1357 ratione
2152 1322 2314 1356 adversus

1253 1393 1291 1417 ea
1313 1385 1430 1417 utatur
1445 1384 1556 1428 iisque
1572 1384 1728 1423 resistat,
1745 1383 1872 1417 versari
1894 1383 2095 1417 continentia
2115 1383 2240 1416 dicitur
2254 1396 2264 1416 ε
2280 1383 2313 1416 si

1252 1443 1339 1476 enim
1358 1443 1454 1477 bonae
1478 1443 1545 1477 sint
1566 1442 1767 1486 cupiditates
1786 1442 2006 1482 continentis,
2033 1442 2121 1475 mala
2140 1444 2211 1482 est,
2235 1450 2312 1485 quae

1252 1502 1362 1546 ipsum
1406 1503 1458 1536 uti
1493 1503 1536 1537 iis
1562 1505 1656 1537 vetat
1693 1502 1895 1536 continentia
1934 1515 1942 1535 :
1971 1503 2023 1535 sin
2053 1501 2228 1535 imbecillae
2252 1510 2314 1535 nec

1254 1563 1368 1602 malae,
1393 1563 1477 1596 nihil
1494 1572 1596 1606 grave
1617 1572 1656 1596 ac
1673 1563 1874 1605 praeclarum
1894 1562 1958 1595 erit
1977 1561 2180 1595 continentia
2199 1573 2205 1593 :
2225 1571 2313 1594 nunc

1253 1631 1333 1656 vero
1354 1623 1432 1656 talis
1450 1623 1586 1657 videtur
1609 1635 1618 1656 ι
1645 1623 1697 1656 sin
1716 1624 1830 1656 autem
1848 1621 2024 1655 imbecillae
2051 1623 2086 1655 et
2107 1622 2224 1662 malae,
2249 1630 2314 1654 non

1253 1681 1316 1714 erit
1334 1691 1492 1724 magnum
1518 1690 1575 1715 eas
1593 1681 1762 1715 continere
1785 1693 1793 1714 :
1824 1682 2028 1724 quapropter
2050 1690 2117 1713 non
2135 1680 2200 1713 erit
2224 1688 2313 1722 prae-

1252 1741 1341 1774 clara
1363 1751 1418 1775 res
1437 1741 1663 1775 continentia:
1691 1742 1798 1774 restat
1818 1749 1912 1783 ergo,
1939 1742 1979 1773 ut
2001 1740 2199 1774 continentis
2216 1740 2311 1782 cupi-

1252 1801 1374 1835 ditates
1410 1804 1484 1835 tum
1510 1801 1609 1835 malae
1636 1800 1703 1834 sint
1731 1802 1806 1834 tum
1838 1800 2064 1833 vehementes.
2088 1799 2314 1838 Quamobrem

1252 1870 1359 1904 neque
1378 1861 1439 1904 qui
1459 1863 1648 1904 temperans
1673 1862 1748 1902 est,
1776 1859 1968 1899 continens,
1993 1868 2105 1903 neque
2127 1859 2187 1902 qui
2206 1858 2312 1892 conti·

1258 1930 1339 1955 nens
1351 1947 1359 1961 ,
1377 1923 1569 1972 temperans
1584 1929 1656 1955 esse
1676 1919 1810 1963 poterit.

1658 2092 1737 2132 Cap.
1761 2090 1790 2121 V
1815 2088 1902 2132 [ΠΗ.

1466 2184 1657 2215 Prudentem
1676 2192 1739 2214 uon
1761 2192 1824 2214 esse
1843 2185 2100 2216 incontinentem.

1293 2306 1344 2338 Ex
1362 2305 1532 2347 superiore
1553 2305 1778 2348 disputatione
1800 2307 1912 2348 patet,
1928 2315 2004 2339 eum
2025 2306 2083 2348 qui
2105 2305 2148 2338 sit
2166 2304 2313 2348 prudens

1250 2376 1316 2400 non
1342 2376 1439 2409 posse
1470 2367 1729 2400 incontinentem
1761 2376 1843 2401 esse.
1871 2369 1983 2406 Quum
2014 2367 2099 2401 enim
2125 2366 2312 2410 prudentioe

1250 2426 1351 2459 etiam
1371 2426 1592 2469 temperantia
1612 2426 1716 2466 insit,
1736 2427 1816 2470 quia
1832 2427 1941 2460 omnis
1959 2436 2094 2470 quoque
2108 2426 2218 2460 virtus
2239 2436 2310 2460 mo-

1252 2486 1331 2520 ralis
1356 2486 1464 2526 inest,
1490 2488 1679 2530 temperans
1712 2489 1826 2520 autem
1857 2489 2002 2530 nequeat
2021 2495 2093 2520 esse
2111 2487 2307 2520 continens:

1250 2547 1358 2580 multo
1375 2546 1482 2589 magis
1510 2556 1575 2579 non
1600 2546 1724 2589 poterit
1741 2556 1814 2580 esse
1838 2547 2072 2581 incontinens:
2092 2546 2185 2590 quod
2210 2546 2239 2580 si
2264 2546 2312 2579 ita

1251 2608 1319 2645 est,
1341 2615 1381 2640 ne
1399 2605 1546 2649 prudens
1561 2605 1699 2649 quidem
1713 2606 1921 2640 incontinens
1939 2606 2014 2640 erit.

1635 2745 1640 2748 -
1691 2733 1770 2776 cap.
1796 2733 1853 2766 vl.

1382 2850 1546 2887 Quomodo
1561 2850 1700 2882 habenda
1715 2851 1756 2881 sit
1768 2851 1901 2889 quaestio
1913 2852 1955 2882 de
1979 2852 2180 2883 continentia.

1291 2943 1356 2978 Sed
1383 2946 1416 2977 et
1436 2943 1479 2977 de
1496 2946 1590 2978 sexto
1621 2945 1839 2988 quaerendum
1865 2949 1932 2986 est,
1954 2947 2040 2980 sitne
2062 2947 2096 2980 in
2124 2946 2243 2990 opibus
2275 2948 2308 2979 et

1249 3002 1494 3037 existimatione
1511 3005 1546 3037 et
1566 3003 1719 3038 absolute
1735 3005 1771 3038 in
1792 3005 1883 3038 omni
1909 3014 1945 3040 re
1969 3005 2180 3039 desiderabili
2200 3004 2308 3047 posita

1249 3063 1450 3097 continentia
1460 3065 1494 3098 et
1508 3064 1756 3099 tneontinentia.
1771 3067 1814 3098 Et
1827 3066 1856 3099 si
1876 3066 1940 3099 hoe
1956 3075 2075 3100 verum
2088 3068 2151 3105 est,
2166 3066 2307 3098 constet-

1248 3132 1314 3166 que
1332 3132 1410 3156 eum
1425 3123 1532 3166 quiin
1557 3124 1703 3167 singulas
1721 3125 1916 3168 hujusmodi
1943 3134 1999 3159 res
2012 3124 2213 3169 propendeat
2235 3132 2307 3156 esse

1247 3183 1523 3223 incontinentem,
1540 3184 1759 3227 quaerendum
1771 3185 1856 3226 erit,
1871 3185 1948 3229 quis
1965 3185 2007 3219 sit
2030 3186 2085 3218 ille
2101 3183 2160 3227 qui
2177 3182 2306 3225 simpli-

1247 3242 1331 3276 citer
1357 3242 1562 3278 incontinens
1579 3247 1721 3278 vocatur
1738 3254 1870 3289 :neque
1894 3246 1982 3278 enim
2006 3246 2036 3278 is
2062 3244 2120 3287 qui
2140 3244 2182 3276 ad
2208 3252 2305 3276 omne

1246 3311 1351 3345 genus
1367 3311 1464 3346 oeque
1479 3303 1637 3348 inclinat,
1653 3305 1730 3338 talis
1740 3305 1804 3339 erit
1830 3317 1838 3338 :
1853 3305 1976 3349 quippe
1992 3314 2090 3339 nemo
2099 3303 2190 3337 omni
2204 3303 2305 3337 simul
