2528 3788
844 251 912 290 DE
941 249 1042 290 DlIS
1073 248 1140 288 ΕΤ
1167 245 1349 288 MUNDO
1379 245 1548 285 LIBER.
2217 239 2267 286 Μ

125 343 189 389 καὶ
205 342 298 398 γύνει
321 341 456 387 οὖδενὸς
477 341 619 395 ὕστερος
637 317 773 381 ὢνιτῶν
794 339 890 391 ἐκεῖ,
907 338 969 384 τὰς
997 337 1165 391 μεγίστας

62 404 77 474 3'.
124 401 192 457 μὶν
207 401 320 458 ἀρχάς
338 418 376 442 τε
394 401 456 442 καὶ
476 401 580 453 τιμὰς
597 403 631 441 ἐν
656 403 701 454 τῇ
717 399 819 439 πόλει
837 397 1158 451 μετακεχείρισται,

129 461 332 518 φιλοσοῖίας
352 460 388 501 δὲ
405 463 483 501 κατ’
505 460 596 513 ἐμὴν
617 458 717 505 δόξαν
733 457 787 496 ἐπ’
800 457 905 510 ἄκρον
927 456 1068 505 ἁπάσης
1088 455 1166 505 ἐλή-

123 521 222 564 λυθε.
242 520 341 562 vide
358 520 540 560 Proclum
564 519 608 558 in
624 517 730 558 Tim.
752 531 792 570 p.
819 530 884 556 22.
910 515 988 569 —-)

550 629 639 682 Κεφ.
681 625 738 668 ια’.

356 740 435 783 Περὶ
454 740 545 782 ὀρθῆς
564 738 722 776 πολιτείας
740 739 793 771 καὶ
811 738 939 781 φαύλης.

180 828 255 872 Καὶ
274 830 312 869 αἱ
335 829 510 868 πολιτεῖαι
531 826 567 868 δὲ
586 826 678 868 κατὰ
698 827 762 876 τὴν
784 827 985 880 τριμέρειαν
1015 830 1171 879 γίνονται

124 890 188 938 τῆς
203 889 321 942 ψυχῆς
336 891 366 930 ⁸.
383 887 552 928 Ἐοίκασι
569 887 637 940 γὰρ
657 889 689 926 οἳ
716 887 779 938 μὲν
799 886 965 940 ἄρχοντες
981 888 1032 940 τῷ
1050 886 1145 940 λόγῳ
1157 919 1168 940 ,

124 947 159 990 οἱ
170 945 208 988 δὲ
220 947 434 999 στρατιῶται
445 947 495 999 τῷ
508 947 608 1000 θυμῷ
621 975 632 995 ,
648 947 680 985 οἱ
699 944 737 985 δὲ
750 946 855 998 δῆμοι
874 946 949 990 ταῖς
963 945 1171 996 ἐπιθυμίαις.

55 1050 58 1051 ⁷
125 1003 201 1048 Καὶ
217 1002 305 1045 ὅπου
326 1003 390 1057 μὲν
419 1004 512 1044 κατὰ
536 1004 638 1057 λόγον
668 1004 862 1058 πράττεται
880 1003 998 1044 πάντα
1017 1008 1055 1052 b,
1075 1004 1136 1044 καὶ
1154 1008 1173 1044 ὃ

59 1094 62 1115 3
124 1063 266 1108 πάντων
279 1063 419 1118 ἄριστος
437 1063 552 1118 ἄρχει,
570 1063 735 1118 βασιλεία
752 1064 905 1116 γίνεται·
920 1061 1006 1103 ὅπου
1025 1062 1061 1102 δὲ
1081 1065 1172 1104 κατὰ

54 1139 55 1142 ’
122 1121 226 1176 >dm
238 1138 276 1163 τε
296 1122 357 1163 καὶ
374 1123 484 1174 θυμὸν
501 1123 641 1169 πλείους
657 1124 730 1168 ἑνὸς
746 1122 914 1176 ἄρχουσιν
929 1153 940 1172 ,
963 1125 1173 1177 ἀριστοκρα-

122 1182 203 1224 τίαν
222 1175 312 1223 εἶναι
337 1183 546 1236 συμὸαίνει·
575 1182 662 1223 ὅπου
687 1182 724 1223 δὲ
743 1183 835 1223 κατὰ
862 1182 1049 1235 ἐπιθυμίαν
1071 1185 1174 1223 πολι-

52 1279 70 1293 ,Δ
122 1241 302 1292 neman,
320 1241 382 1282 καὶ
399 1244 437 1283 αἱ
463 1242 568 1293 τιμαὶ
597 1242 683 1296 πρὸς
699 1242 745 1282 τὰ
766 1242 939 1296 χρήματα
963 1248 979 1267 ⁰
997 1242 1171 1295 γίνονται,

0 1307 11 1350 fi'
121 1301 334 1355 τιμοκρατία
355 1303 380 1350 ἡ
399 1301 546 1349 τοιαύτη
561 1302 722 1342 πολιτεία
739 1303 913 1342 καλεῖται.
931 1300 1099 1342 Ἐναντία
1120 1303 1172 1351 δέ,

0 1356 1 1361 ’
49 1371 59 1389 ’ῑ
123 1360 288 1414 βασιλεία
306 1360 369 1412 μὲν
384 1359 541 1414 τυραννίς
552 1389 564 1409 ,
580 1363 603 1408 ἡ
620 1359 682 1411 μὲν
701 1359 770 1414 γὰρ
788 1362 878 1412 μετὰ
893 1360 997 1414 λόγου
1012 1361 1130 1401 πάντα
1143 1362 1174 1412 ⁰,

17 1448 21 1453 ·
123 1422 147 1469 ἡ
166 1411 214 1459 ’δὲ
234 1417 332 1460 οὗδὲν
352 1418 445 1459 κατὰ
471 1418 573 1472 λόγον
605 1425 717 1459 ποιεῖ·
744 1418 994 1473 ἀριστοκρατία
1025 1419 1061 1458 δὲ
1091 1422 1173 1459 ὄλι-

75 1490 78 1491 ’
124 1476 279 1532 γαρχία,
299 1476 354 1518 ὅτι
373 1477 441 1531 οὔχ
455 1478 488 1516 οἱ
507 1477 666 1530 ἄριστοι,
689 1477 767 1518 ἀλλ’
788 1478 898 1531 ὀλίγοι
926 1478 1088 1517 κάκιστοι
1107 1479 1175 1532 ἄρ-

124 1552 248 1592 χουσν
267 1535 482 1590 τιμοκρατία
500 1535 538 1576 δὲ
562 1537 786 1591 δημοκρατία
800 1568 812 1589 ,
825 1538 880 1576 ὅτι
896 1538 961 1590 οὔχ
980 1539 1013 1576 οἱ
1034 1537 1096 1582 τὰς
1116 1540 1177 1577 οὐ-

37 1591 70 1646 ’Ϊίζ
126 1595 204 1642 σίας
220 1594 384 1651 ἔχοντες,
407 1596 488 1635 ἀλλ’
506 1598 526 1635 ὁ
549 1596 659 1647 δῆμος
677 1596 793 1650 κύριός
813 1598 887 1635 ἐστι
914 1596 1064 1636 πάντων.

179 1658 197 1679 ⁸
212 1654 288 1696 Καὶ
308 1659 346 1696 αἱ
361 1655 538 1695 πολιτεῖαι
557 1653 593 1693 δὲ
613 1653 707 1693 κατὰ
723 1654 786 1703 τὴν
804 1654 1004 1707 τριμέρειαν
1023 1654 1178 1706 γίνονται

127 1715 190 1762 τῆς
207 1713 347 1769 ψυχῆς]
370 1715 419 1754 cf.
446 1713 610 1753 Proclus
634 1713 676 1753 in
703 1712 804 1755 Tim.
834 1714 906 1754 lib.
935 1713 954 1752 Ι
984 1727 1075 1766 pag.
1103 1729 1175 1763 ¹13

3 1817 6 1820 Α
57 1818 60 1819 ⁷
126 1773 238 1813 Plato
262 1773 312 1813 de
331 1772 429 1825 Rep.
450 1771 523 1812 lib.
545 1770 597 1812 IV
617 1786 656 1824 p.
693 1777 771 1823 449
798 1781 836 1811 et
855 1773 932 1818 453
947 1802 957 1821 ,
988 1773 1082 1811 item
1107 1772 1177 1811 lib.

58 1838 61 1844 '
99 1843 101 1846 ·
126 1830 219 1872 Vll!
234 1831 324 1875 init.
348 1845 421 1872 nec
438 1845 519 1871 non
539 1831 721 1871 Plotinus
745 1831 849 1870 Enn.
864 1830 913 1871 lv
933 1831 1004 1870 lib.
1022 1831 1074 1870 lv
1090 1845 1176 1884 cap.

133 1906 198 1942 ²7·
217 1912 268 1923 —
299 1890 317 1916 Β
337 1890 399 1932 Cf.
431 1891 816 1943 Pseudoplutarchus
836 1891 884 1930 de
907 1891 988 1929 vita
1005 1900 1044 1930 et
1067 1892 1178 1943 poesi

129 1951 292 1991 Homeri
310 1963 398 2004 cup.
425 1951 498 1989 182
530 1950 612 1989 vol.
633 1949 720 1989 XlV
748 1964 787 2002 p.
819 1950 894 1988 566
927 1951 991 1990 ed.
1016 1951 1173 1993 Hutten.

129 2017 214 2042 ..e
229 2007 424 2064 χρήματα]
442 2009 549 2048 edidi
569 2022 618 2048 ex
634 2009 773 2047 Orellii
792 2009 1040 2060 conjectura;
1059 2009 1174 2050 codd.

129 2067 306 2123 χρήσιμα.
325 2089 380 2099 —
397 2066 416 2091 ‘¹
435 2067 556 2107 πάντα
568 2068 582 2087 Ἰ
605 2068 746 2119 scripsi
767 2081 855 2106 cum
886 2068 1022 2106 eodem
1038 2082 1048 2116 ;
1081 2067 1176 2108 libri

130 2126 283 2171 πάντως.
305 2127 376 2178 -)

576 2262 656 2303 Cap.
682 2262 721 2293 X.

487 2355 532 2383 De
550 2353 664 2382 virtute
683 2354 716 2383 et
734 2353 821 2381 vitio.

171 2428 345 2462 Sermones
359 2424 402 2458 de
424 2424 546 2458 virtute
561 2426 595 2457 et
613 2423 695 2457 vitio
718 2432 834 2456 rursus
862 2432 902 2456 ea
917 2431 992 2464 quae
1014 2423 1055 2456 de
1071 2424 1179 2457 anima

129 2484 372 2529 disputavimus
400 2483 585 2526 requirunt.
629 2484 776 2524 Namque
805 2483 914 2515 anima
946 2482 1124 2515 irrationali
1150 2483 1183 2515 in

131 2553 252 2589 corpus
278 2543 404 2578 inclusa
427 2542 541 2584 ibique
563 2542 676 2576 statim
693 2541 777 2575 iram
807 2544 841 2575 et
860 2541 1077 2584 cupiditatem
1103 2551 1183 2584 pro-

131 2603 284 2646 creante,
305 2602 442 2636 rationis
466 2611 601 2645 compos
630 2610 807 2644 corporum
842 2610 963 2643 praeses
985 2601 1184 2643 tripartitam

131 2663 275 2699 unimam
285 2671 328 2697 ex
345 2662 473 2696 ratione
484 2687 492 2703 ,
509 2661 558 2695 ira
569 2662 604 2695 et
617 2661 796 2704 cupiditate
809 2660 897 2693 facit.
943 2660 1056 2693 Virtus
1075 2662 1184 2693 autem

131 2722 270 2758 rationis
285 2724 337 2756 est
356 2721 531 2765 prudentia
542 2746 552 2762 ‚
570 2722 630 2755 irae
650 2720 811 2761 fortitudo
822 2745 832 2761 ‚
851 2719 1039 2762 cupiditatis
1058 2722 1183 2763 tempe-

132 2784 260 2826 nutta,
289 2782 394 2818 totius
420 2782 561 2825 denique
589 2781 709 2815 animae
737 2781 879 2822 Justitia.
925 2780 1064 2823 Oportet
1100 2779 1185 2812 enim

134 2843 294 2878 rationem
313 2852 352 2876 ea
366 2851 441 2885 quae
458 2842 575 2876 decent
600 2841 748 2883 judicare
760 2866 768 2881 ,
794 2841 876 2873 iram
893 2838 1013 2873 rationi
1029 2839 1186 2872 obedIen-

132 2902 204 2939 m
224 2897 301 2946 quae
331 2902 486 2936 videntur
510 2901 682 2935 horribilia
712 2902 941 2940 contemnere,
975 2898 1187 2941 cupiditatem

134 2970 202 2996 nun
217 2961 308 3010 quod
324 2960 509 3004 jucundum
535 2961 689 3003 apparet,
715 2958 774 2993 sed
802 2958 892 3001 quod
911 2967 986 2991 cum
1004 2957 1131 2990 ratione
1149 2956 1188 2990 tit

136 3019 241 3064 semri.
285 3022 369 3061 Quae
386 3020 415 3054 si
431 3020 478 3054 ita
498 3021 598 3061 sunt,
615 3019 694 3053 vitas
709 3018 866 3061 degendae
885 3017 970 3050 ratio
993 3016 1083 3056 justa
1105 3024 1185 3048 eva-

136 3078 188 3114 uit
205 3092 216 3114 z
238 3088 315 3114 nam
338 3088 414 3122 quae
439 3079 528 3112 circa
546 3078 702 3121 pecunias
728 3079 882 3111 versatur
898 3075 1045 3118 iustitia,
1075 3074 1189 3117 exigua

136 3138 290 3183 quadam
305 3138 438 3173 virtutis
454 3147 532 3181 pars
545 3140 617 3178 est,
636 3137 808 3171 etidcirco
827 3136 860 3169 in
878 3134 1065 3168 hominibus
1082 3133 1189 3166 erudi-

137 3198 182 3237 uu
203 3207 316 3234 omnes
335 3198 477 3232 virtutes
493 3200 671 3239 notantur-3
692 3197 778 3230 inter
794 3195 976 3229 ineruditos
999 3204 1085 3228 unus
1098 3192 1190 3227 fortis

139 3259 192 3294 est
207 3258 243 3293 et
260 3257 406 3300 iniustus
423 3283 430 3300 ,
456 3257 541 3291 alius
557 3260 743 3300 temperans
758 3257 792 3290 et
813 3256 933 3289 stultus
946 3280 955 3297 ‚
972 3254 1090 3288 tertius
1111 3262 1189 3296 pru-

139 3317 221 3352 deus
241 3318 275 3352 et
289 3317 509 3360 intemperans
525 3331 533 3351 ι
549 3315 827 3359 quemadmodum
844 3324 884 3348 ne
898 3315 1038 3347 virtutes
1055 3311 1190 3355 quidem

141 3379 254 3414 vocari
271 3379 424 3413 convenit
439 3378 512 3412 illus
524 3387 599 3421 quae
618 3377 744 3412 ratione
763 3378 895 3418 carent,
912 3378 944 3409 et
961 3383 1085 3408 mancae
1098 3375 1188 3415 sunt,

145 3440 179 3473 et
192 3437 301 3472 brutis
313 3438 511 3481 quibusdam
531 3437 727 3471 animalibus
746 3438 868 3470 insunt.
916 3434 1044 3468 Vitium
1061 3443 1102 3468 ex
1118 3443 1192 3467 con-

145 3497 254 3552 trariis
269 3499 456 3558 spectetur3
482 3497 620 3538 rationis
635 3497 769 3540 quidem
789 3494 989 3528 contrarium
1006 3493 1188 3534 dementia,

143 3587 167 3619 k

1655 342 1744 393 Κεφ.
1785 338 1844 392 ιβ’.

1332 451 1435 485 Πόθεν
1455 451 1495 484 τὰ
1511 451 1614 493 κακά,
1638 452 1693 484 καὶ
1709 452 1756 484 ὅτι
1771 454 1873 484 κακοῦ
1887 451 1979 493 φύσις
1997 450 2056 483 οὐκ
2075 450 2172 484 ἔστιν.

1284 534 1392 575 Ἀλλὰ
1405 537 1478 579 πῶς
1491 537 1576 573 θεῶν
1593 536 1732 587 ἀγαθῶν
1743 535 1851 574 ὄντων
1865 534 1926 574 καὶ
1939 534 2055 574 πάντα
2069 533 2277 584 ποιούντων,

1229 593 1274 635 τὰ
1292 594 1387 634 κακὰ
1416 596 1451 633 ἐν
1471 596 1521 647 τῷ
1541 594 1664 647 κόσμῳ
1680 601 1693 617 ‘¹
1710 609 1720 643 ;
1742 596 1794 635 Ἢ
1815 597 1952 646 πρῶτον
1977 594 2041 645 μὲν
2069 593 2156 633 αὐτὸ
2176 596 2279 632 τοῦτο

1232 653 1353 709 ῥητέον
1366 684 1376 703 ,
1399 653 1452 693 ὅτι
1472 656 1558 694 θεῶν
1577 657 1716 708 ἀγαθῶν
1734 655 1840 695 ὄντων
1859 654 1920 694 καὶ
1936 654 2052 693 πάντα
2072 653 2278 703 ποιούντων,

1231 717 1342 753 κακοῦ
1372 714 1472 768 φύσις
1499 715 1563 754 οὗκ
1584 714 1700 763 ἔστιν,
1723 714 1876 767 ἀπουσίᾳ
1906 713 1942 752 δὲ
1973 715 2104 764 ἀγαθοῦ
2123 713 2278 765 γίνεται,

1231 772 1350 828 ὥσπερ
1371 773 1432 814 καὶ
1447 774 1569 819 σκότος
1587 774 1671 814 αὐτὸ
1693 774 1755 825 μὲν
1772 775 1833 814 οὐκ
1853 772 1967 822 ἔστιν,
1987 772 2138 825 ἀπουσίᾳ
2159 772 2284 825 δὲ’φω,

1230 834 1290 878 τὸς
1309 834 1456 885 γίνεται.
1480 833 1631 886 Ἀνάγκη
1654 833 1708 882 δέ,
1728 833 1826 886 εἴπερ
1847 833 1941 872 ἔστιν
1955 863 1964 880 ,
1982 833 2005 880 ἢ
2024 836 2058 872 ἐν
2078 836 2165 876 θεοῖς
2181 826 2283 880 εἶναι,

1232 890 1256 939 ἢ
1276 894 1345 936 νοῒς
1361 922 1372 940 ,
1391 891 1414 939 ἢ
1434 893 1590 944 ψυχαῖς,
1610 891 1633 939 ἢ
1660 891 1837 943 σώμασιν.
1861 891 1954 931 Ἀλλ’
1977 894 2012 931 ἐν
2034 891 2096 943 μὲν
2120 891 2207 935 θεοῖς
2223 893 2283 930 οὔκ

1233 949 1325 990 ἔστιν
1338 982 1348 1000 ,
1365 950 1484 999 ἐπειδὴ
1504 957 1574 995 πᾶς
1593 950 1666 995 θεὸς
1689 951 1816 1002 ἀγαθός
1835 955 1871 991 b.
1895 953 1940 991 Εἰ
1968 952 2003 989 δὲ
2035 955 2112 990 νοῦν
2132 951 2182 995 τίς
2199 966 2285 1004 φησι

1233 1008 1363 1057 κακόν,
1397 1012 1476 1048 νοῦν
1511 1008 1656 1056 ἀνόητον
1685 1008 1801 1060 λέγει·
1838 1012 1868 1047 εἰ
1900 1008 1936 1047 δὲ
1968 1008 2083 1061 ψυχήν
2098 1039 2108 1057 ,
2142 1008 2285 1061 χείρονα

1234 1067 1375 1116 ποιήσει
1402 1068 1584 1118 σώματος·
1617 1073 1688 1106 πᾶν
1707 1068 1775 1120 γὰρ
1795 1071 1900 1118 σῶμα
1921 1070 1998 1107 καθ’
2027 1068 2129 1107 ἑαυτὸ
2157 1068 2286 1107 κακίαν

1235 1129 1299 1167 οὔκ
1318 1128 1392 1180 ἔχει
1404 1143 1413 1152 ·
1431 1130 1460 1167 εἰ
1479 1127 1514 1167 δὲ
1532 1129 1571 1166 ἐκ
1590 1130 1706 1180 ψυχῆς
1726 1127 1786 1166 καὶ
1806 1127 1991 1178 σώματος,
2009 1128 2133 1178 ἄλογον
2145 1157 2156 1176 ,
2176 1143 2289 1180 κεχω-

1238 1186 1385 1240 ρισμένα
1407 1187 1472 1238 μὲν
1503 1185 1552 1237 μὴ
1584 1182 1672 1225 εἶναι
1703 1185 1816 1233 κακά,
1850 1184 2059 1225 συνελθόντα
2091 1185 2128 1224 δὲ
2159 1187 2287 1225 κακίαν

1236 1250 1364 1284 ποιεῖν.
1388 1247 1433 1285 Εἰ
1453 1245 1487 1284 δὲ
1511 1244 1680 1297 δαίμονάς
1709 1260 1762 1288 τις
1781 1243 1876 1297 λέγει
1903 1244 2032 1288 κακούς
2054 1252 2088 1292 ⁰,
2113 1246 2142 1283 εἷ
2169 1243 2232 1295 μὲν
2251 1247 2289 1284 ἐκ

1235 1308 1322 1344 θεῶν
1341 1304 1404 1352 τὴν
1425 1304 1573 1357 δύναμιν
1601 1304 1742 1358 ἔχουσιν
1757 1335 1768 1353 ,
1794 1305 1858 1343 οὒκ
1886 1303 1928 1343 ἂν
1955 1297 2023 1342 εἶεν
2047 1303 2175 1355 κακοί,
2196 1305 2228 1343 εἰ
2252 1303 2288 1344 δὲ

1237 1363 1454 1417 ἀλλαχόθεν,
1485 1366 1524 1404 οὗ
1557 1364 1674 1403 πάντα
1709 1366 1871 1403 ποιοῦσιν
1903 1365 1934 1402 οἱ
1972 1362 2056 1404 θεοί.
2085 1364 2132 1403 Ei
2170 1363 2205 1402 δὲ
2238 1363 2287 1414 μὴ

1237 1423 1356 1463 πάντα
1370 1427 1552 1475 ποιοῦσιν,
1571 1422 1594 1471 ἢ
1617 1421 1823 1476 βουλόμενοι
1841 1424 1878 1462 οὔ
1901 1420 2122 1471 δύνανται,ἢ
2141 1421 2292 1472 δυνάμε-

1238 1497 1290 1521 νοι
1308 1483 1346 1520 οὐ
1372 1481 1576 1533 βούλονται·
1592 1476 1641 1521 ι’ἷιν
1660 1480 1839 1533 οὐδέτερον
1865 1481 1992 1532 πρέπει
2012 1482 2093 1534 θεῷ.
2107 1478 2197 1520 ‘'Ott
2229 1480 2291 1531 μὲν

1238 1535 1296 1579 οὖν
1317 1539 1412 1579 οὐδὲν
1431 1543 1466 1580 ἔν
1487 1543 1539 1594 τῷ
1557 1540 1681 1593 κόσμῳ
1706 1539 1806 1592 φύσει
1829 1539 1936 1578 κακόν
1952 1568 1962 1588 ,
1986 1541 2025 1578 ἐκ
2044 1539 2174 1578 τούτων
2197 1538 2292 1578 ἔστιν

1240 1599 1338 1639 ἰδεῖν.
1372 1598 1464 1652 Περὶ
1491 1599 1527 1638 δὲ
1560 1599 1621 1643 τὰς
1652 1601 1722 1638 τῶν
1753 1599 1947 1651 ἀνθρώπων
1972 1598 2144 1651 ἐνεργείας
2169 1598 2209 1643 ⁸¹,
2232 1598 2292 1636 καὶ

1238 1658 1370 1697 τούτων
1386 1660 1424 1697 οὔ
1441 1657 1606 1707 πάντων,
1628 1658 1704 1698 οὐδὲ
1728 1658 1781 1697 ἀεὶ
1795 1658 1955 1712 φαίνεται
1971 1658 2014 1697 τὰ
2038 1658 2145 1698 κακά.
2168 1660 2293 1698 Ταῦτα

1240 1717 1296 1765 δέ,
1319 1719 1349 1756 εἷ
1376 1716 1438 1768 μὲν
1467 1717 1512 1757 δι’
1542 1719 1627 1757 αὐτὸ
1655 1718 1695 1756 τὸ
1715 1717 1826 1757 κακὸν
1861 1718 2066 1771 ἡμάρτανον
2098 1718 2292 1770 ἄνθρωποι,

1240 1775 1328 1823 αὐτὴ
1351 1775 1394 1814 ἂν
1422 1771 1464 1824 ἦν
1487 1779 1509 1824 ἡ
1530 1775 1632 1829 φύσις
1651 1777 1766 1824 κακή·
1789 1777 1819 1815 εἷ
1843 1776 1881 1815 δὲ
1907 1779 1925 1815 ὁ
1946 1776 2010 1826 μὲν
2032 1776 2205 1829 μοιχεύων
2227 1775 2288 1824 τὴν

1243 1834 1305 1884 μὲν
1328 1834 1489 1888 μοιχείαν
1509 1839 1648 1888 ἡγεῖται
1666 1836 1774 1875 κακόν
1788 1865 1799 1884 ,
1820 1835 1885 1883 τὴν
1907 1835 1943 1874 δὲ
1963 1835 2092 1885 ἡδονὴν
2108 1836 2236 1887 ἀγαθόν
2248 1851 2256 1860 ·
2272 1838 2290 1874 ὁ

1240 1893 1276 1932 δὲ
1298 1893 1449 1946 φονεύων
1469 1893 1528 1933 τὸν
1550 1894 1613 1944 μὲν
1638 1894 1739 1948 φόνον
1758 1897 1895 1946 ἡγεῖται
1916 1894 2025 1934 κακόν
2040 1925 2050 1945 ,
2073 1894 2118 1933 τὰ
2142 1894 2177 1932 δὲ
2199 1894 2293 1946 χρή-

1245 1967 1341 2003 ματα
1364 1952 1479 2004 ἀγαθοί
1495 1969 1503 1978 ·
1525 1955 1543 1991 ὃ
1563 1951 1599 1991 δὲ
1618 1953 1740 2007 ἐχθρὸν
1757 1956 1875 1998 κακῶς
1892 1956 2003 1993 ποιῶν
2021 1954 2060 1992 τὸ
2086 1953 2150 2005 μὲν
2172 1957 2290 1998 κακῶς

1244 2013 1390 2058 ποιῆσαι
1409 2012 1536 2061 κακόν,
1561 2013 1600 2051 τὸ
1621 2012 1657 2051 δὲ
1683 2013 1741 2052 τὸν
1763 2013 1885 2066 ἐχθρὸν
1914 2013 2115 2065 ἀμύνασθαι
2147 2013 2292 2065 ἀγαθόν,

1242 2070 1304 2110 καὶ
1324 2071 1442 2110 πάντα
1467 2071 1576 2116 οὕτως
1597 2072 1793 2125 ἁμαρτάνει
1820 2071 1937 2125 ψυχή,
1959 2071 2002 2110 δι’
2022 2071 2224 2124 ἀγαθότητα
2242 2072 2296 2123 γί-

1244 2145 1341 2168 νεται
1369 2131 1413 2169 τὰ
1442 2131 1553 2171 κακοί·
1579 2131 1592 2184 (
1605 2130 1725 2184 ὥσπερ
1747 2131 1803 2170 διὰ
1822 2130 1862 2169 τὸ
1882 2130 1952 2184 φῶς
1973 2130 2021 2182 μὴ
2050 2124 2140 2170 εἶναι
2165 2129 2296 2183 γίνεται

1239 2264 1298 2297 irae
1331 2266 1442 2298 autem
1480 2265 1663 2306 timiditas,
1693 2265 1883 2307 cupiditatis
1915 2273 1995 2298 vero
2024 2264 2296 2307 intemperantia,

1208 2319 1214 2382 ³¹
1240 2324 1345 2356 totius
1363 2324 1503 2366 denique
1521 2325 1639 2357 animae
1655 2325 1825 2366 injustitia.
1871 2326 2059 2357 Nascuntur
2079 2334 2177 2366 porro
2191 2325 2298 2357 virtu-

1242 2385 1293 2416 tes
1312 2391 1354 2416 ex
1373 2384 1463 2416 recta
1478 2383 1611 2416 vivendi
1628 2383 1684 2416 via
1704 2383 1899 2425 liberalique
1924 2386 1996 2416 tum
2011 2383 2208 2416 educatione
2225 2384 2297 2416 tum

1242 2443 1410 2483 doctrina,
1430 2443 1512 2476 vitia
1531 2452 1573 2477 ex
1588 2442 1774 2476 contrariis.

1689 2542 1766 2583 Gap.
1791 2542 1846 2575 XI.

1488 2637 1530 2664 De
1543 2636 1625 2664 recta
1644 2638 1675 2667 et
1686 2644 1779 2674 prava
1805 2634 1936 2664 civitatis
1950 2633 2057 2664 torma.

1287 2712 1351 2747 Sed
1367 2712 1519 2744 civitates
1536 2720 1670 2753 quoque
1690 2710 1873 2744 secundum
1890 2710 2090 2752 tripartitam
2104 2710 2204 2742 animi
2220 2710 2300 2743 divi-

1246 2775 1371 2807 sionem
1402 2773 1669 2806 constituuntur.
1714 2772 1844 2806 Similes
1882 2773 1971 2805 enim
1999 2773 2079 2805 sunt
2113 2771 2300 2814 reipublicae

1247 2836 1390 2867 rectores
1410 2833 1546 2872 rationi.
1563 2832 1685 2866 milites
1704 2832 1763 2865 irae
1775 2857 1784 2873 ‚
1811 2832 1924 2874 populi
1944 2830 2192 2873 cupiditatibus.
2238 2831 2300 2863 Ubi

1247 2903 1322 2935 ergo
1340 2895 1461 2926 cuncta
1482 2892 1601 2925 rationi
1622 2892 1855 2925 convenienter
1870 2892 2084 2934 peraguntur,
2103 2893 2137 2924 et
2152 2890 2299 2923 omnium

1246 2954 1392 2996 optimus
1417 2953 1574 2995 imperat,
1599 2961 1740 2993 regnum
1764 2951 1871 2984 oritur
1891 2963 1898 2983 :
1920 2950 1978 2983 ubi
1993 2959 2073 2983 vero
2095 2950 2194 2983 simul
2225 2959 2300 2982 cum

1247 3013 1389 3055 ratione,
1406 3011 1505 3046 simul
1523 3021 1582 3055 per
1596 3012 1679 3045 iram
1701 3012 1775 3054 plus
1795 3020 1861 3044 uno
1876 3010 2075 3050 dominatur,
2093 3010 2299 3052 optimatium

1248 3072 1416 3107 civitatem
1429 3080 1501 3106 esse
1523 3073 1654 3105 constat
1675 3085 1683 3103 ε
1705 3070 1761 3103 ubi
1779 3070 1921 3111 denique
1938 3068 2057 3112 cupide
2077 3070 2110 3102 et
2128 3069 2299 3102 ambitiose

1248 3131 1483 3174 rempublicam
1499 3133 1636 3174 gerunt,
1655 3132 1688 3163 et
1706 3130 1847 3162 honores
1869 3128 2020 3172 pecuniae
2038 3130 2192 3170 respectu
2214 3128 2296 3160 civi-

1250 3193 1311 3225 bus
1337 3191 1512 3232 habentur,
1532 3190 1609 3224 talis
1629 3189 1817 3233 respublica
1836 3189 1952 3222 civitas
1975 3187 2100 3221 divitiis
2122 3196 2219 3221 censa
2243 3196 2299 3228 ap-

1249 3252 1400 3295 pellatur.
1446 3250 1617 3285 Contraria
1648 3251 1760 3283 autem
1783 3258 1882 3291 regno
1913 3248 2081 3290 tyrannis,
2114 3247 2191 3289 quia
2218 3246 2297 3278 illud

1250 3321 1327 3346 cum
1342 3311 1468 3345 ratione
1487 3311 1615 3351 omnia,
1635 3310 1707 3342 haec
1723 3308 1802 3341 nihil
1820 3308 1937 3341 rationi
1953 3307 2183 3341 convenienter
2199 3305 2295 3337 facite

1250 3371 1329 3406 item
1351 3371 1563 3414 optimatium
1588 3370 1715 3403 civitati
1739 3377 1924 3410 paucorum
1940 3366 2106 3409 potentia,
2129 3363 2217 3405 quod
2232 3372 2296 3395 non

1250 3433 1446 3475 optimates,
1463 3431 1523 3469 sed
1549 3430 1648 3473 pauci
1668 3429 1758 3471 iique
1773 3429 1910 3471 pessimi
1925 3435 2063 3460 summoe
2086 3433 2195 3457 rerum
2220 3432 2296 3465 prm·

1251 3494 1348 3533 sunt3
1366 3491 1492 3525 civitati
1511 3489 1654 3532 denique
1678 3488 1804 3521 divitiis
1833 3496 1939 3520 censa>
1968 3484 2079 3527 populi
2104 3482 2275 3525 imperium
