2528 3788
494 277 1123 342 ΑΡΙΣΤΟΚΛΕΟΥΣ

483 423 600 467 Tor
641 420 1131 466 HEPIIIATHTIKOY

598 547 880 586 ΑΠΟΣΠΑΣΜ
886 547 1018 586 ΑΤΙΑ.

349 832 378 858 1.
410 815 667 869 Ἐφιλοσόφησε
689 815 724 854 δὲ
743 815 913 863 Πλάτων,
936 816 966 853 εἰ
987 814 1046 853 καί
1065 829 1117 858 τις
1138 814 1240 857 ἄλλος
1254 814 1322 851 τῶν

294 876 458 923 πώποτε,
498 875 649 927 γνησίως
687 874 747 912 καὶ
781 873 932 918 τελείως.
986 875 1034 912 Οἱ
1068 872 1129 923 μὲν
1161 873 1229 926 γὰρ
1255 871 1325 910 ἀπὸ

294 937 414 975 Θαλοῦ
440 935 725 988 φυσιολογοῦντες
751 932 962 971 διετέλεσαν·
985 933 1016 971 οἵ
1036 931 1071 970 δὲ
1091 932 1170 984 περὶ
1206 933 1327 971 Πυθα-

296 993 399 1046 γόραν
423 993 670 1046 ἀπεκρύψαντο
697 991 826 1030 πάντα·
855 990 1055 1044 Ξενοφάνης
1085 990 1196 1029 δὲκαὶ
1216 992 1247 1029 οἱ
1264 991 1325 1027 ἀπ’

295 1053 424 1091 ἐκείνου
441 1051 518 1095 τοὺς
544 1054 733 1104 ἐριστικοὺς
758 1050 958 1098 κινήσαντες
986 1049 1107 1101 λόγους
1136 1049 1244 1088 πολὺν
1265 1047 1327 1098 μὲν

298 1112 460 1151 ἐνέδαλον
493 1111 626 1163 ἴλιγγον
650 1116 719 1153 τοῖς
740 1109 957 1163 φιλοσόφοις,
994 1110 1032 1146 οὐ
1056 1107 1124 1158 μὴν
1160 1107 1323 1159 ἐπόρισάν

297 1171 336 1223 γέ
362 1186 438 1209 τινα
471 1170 646 1223 βοήθειαν.
706 1170 786 1221 Οὐχ
814 1168 940 1215 ἥκιστα
962 1166 1000 1208 δὲ
1021 1167 1081 1206 καὶ
1104 1166 1296 1218 Σωκράτης
1311 1194 1322 1212 ,

297 1230 380 1268 αὐτὸ
396 1229 437 1276 δὴ
461 1229 498 1267 τὸ
522 1227 730 1279 λεγόμενον,
754 1227 889 1278 ἐγένετο
915 1230 982 1278 πῦρ
1009 1225 1066 1264 ἐπὶ
1086 1224 1191 1277 πυρί,
1216 1223 1326 1263 καθοί-

296 1304 360 1341 περ
381 1289 480 1332 αὖτὸς
502 1288 566 1340 ἔφη
589 1286 759 1326 Πλάτων.
828 1285 1067 1337 Ευφυέστατος
1091 1282 1160 1336 γὰρ
1180 1281 1245 1331 ὤν,
1266 1297 1326 1321 και

299 1346 403 1390 δεινὸς
425 1348 600 1398 ἀπορῆσαι
616 1344 694 1397 περὶ
711 1344 836 1387 παντὸς
850 1346 1002 1392 ὁτουοῦν,
1025 1342 1246 1392 ἐπεισήνεγκε
1266 1340 1326 1382 τάς

297 1421 333 1443 τε
356 1405 478 1452 ἠθικὰς
499 1404 559 1443 καὶ
579 1403 760 1447 πολιτικὰς
778 1402 915 1454 σκεψεις
930 1400 1009 1448 ,ἔτι
1026 1399 1061 1438 δὲ
1082 1398 1145 1447 τὴν
1160 1398 1240 1451 περὶ
1255 1414 1323 1436 των

296 1464 395 1501 ἰδεῶν
423 1465 557 1513 πρῶτος
577 1460 804 1513 ἐπιχειρήσας
826 1460 1010 1511 ὁρίζεσθαι·
1037 1458 1151 1497 πάντα
1173 1457 1208 1496 δὲ
1237 1456 1326 1509 ἐγεί-

298 1537 364 1573 ρων
385 1520 485 1572 λόγον
497 1550 507 1568 ,
528 1520 587 1558 καὶ
608 1520 686 1572 περὶ
705 1519 844 1558 πάντων
859 1520 982 1565 ζητῶν,
1000 1517 1086 1570 ἔφθη
1103 1516 1325 1564 τελευτήσας.

297 1579 415 1618 Ἄλλοι
443 1580 472 1615 δ’
494 1578 747 1627 ἀποτεμόμενοι
782 1576 869 1629 μέρη
899 1575 994 1625 τινά,
1025 1576 1105 1627 περὶ
1125 1580 1235 1614 ταῦτα
1256 1575 1329 1614 διέ-

299 1640 439 1690 τριψαν,
462 1639 493 1675 οἱ
513 1637 575 1688 μὲν
596 1637 771 1688 ἰατρικήν,
794 1637 823 1674 οἱ
845 1635 880 1673 δὲ
903 1634 961 1679 τὰς
982 1635 1231 1685 μαθηματικὰς
1254 1637 1327 1673 ἐπι-

300 1697 447 1747 στήμας·
472 1695 552 1734 ἔνιοι
575 1695 608 1733 δὲ
630 1711 708 1747 περι
721 1710 799 1738 τους
813 1693 958 1741 ποιητὰς
976 1693 1034 1731 καὶ
1052 1693 1114 1740 τὴν
1137 1693 1322 1744 μουσικήν.

299 1757 347 1796 Οἱ
383 1754 499 1804 μέντοι
528 1753 649 1791 πολλοὶ
678 1752 738 1796 τὰς
764 1755 831 1791 τῶν
854 1751 964 1802 λόγων
988 1751 1148 1802 δυνάμεις
1167 1751 1322 1802 ἐθαύμα-

303 1827 390 1860 σαν,
412 1815 459 1849 ὧν
485 1813 516 1850 οἱ
537 1811 597 1862 μὲν
620 1811 786 1864 ῥήτορας,
810 1811 840 1848 οἳ
861 1809 895 1847 δὲ
923 1809 1156 1854 διαλεκτικους
1182 1810 1323 1862 προσεῖ

304 1886 367 1910 πον
403 1869 556 1914 ἑαυτούς.
627 1871 672 1907 Οἱ
710 1869 826 1918 μέντοι
858 1867 1049 1920 Σωκράτην
1087 1867 1325 1917 διαδεξάμενοι

302 1930 363 1968 καὶ
383 1928 473 1967 πάνυ
493 1927 580 1972 τινὲς
612 1926 766 1976 ἐγένοντο
786 1929 943 1965 παντοῖοι
962 1926 1021 1964 καὶ
1048 1925 1245 1964 ὑπεναντίοι
1265 1924 1326 1968 τὰς

304 1987 462 2039 γνώμας.
521 1989 566 2025 Οἳ
598 1984 658 2036 μὲν
687 1984 754 2037 γὰρ
782 1984 965 2032 κυνισμοὺς
998 1985 1058 2022 καὶ
1089 1983 1233 2036 ἀτυφίας
1269 1983 1332 2021 καὶ

306 2046 475 2088 ἀπαθείας
506 2044 646 2095 ὕμνουν·
679 2044 775 2082 ἄλλοι
808 2045 837 2081 δ’
860 2036 904 2080 αὖ
923 2042 1026 2081 πάλιν
1059 2042 1196 2089 ἡδονάς.
1255 2042 1328 2080 Καὶ

345 2197 371 2225 1.
399 2192 488 2224 Plato
500 2217 507 2231 ,
521 2191 625 2232 inquit
642 2190 696 2223 ille
709 2216 716 2229 ,
735 2189 762 2222 si
781 2189 855 2230 quis
869 2189 952 2221 alius
972 2198 1117 2230 unquam
1131 2214 1139 2229 ,
1157 2197 1331 2230 germanus

300 2253 525 2294 perfectusque
538 2251 751 2293 philosophus
769 2251 840 2284 suit.
857 2253 939 2284 Nam
955 2252 1098 2284 Thaletis
1113 2254 1330 2285 assectatores

301 2311 335 2343 in
349 2312 474 2343 naturae
490 2310 735 2352 investigatione
753 2310 815 2341 toti
831 2311 924 2342 erant
940 2324 947 2342 z
967 2311 1159 2351 Pythagorei
1182 2312 1334 2343 texerunt

302 2371 400 2411 atque
416 2371 623 2404 involverunt
641 2371 751 2404 omnia
769 2382 777 2400 ι
795 2371 1006 2412 Xenophanes
1023 2371 1159 2412 ejusque
1182 2371 1335 2412 discipuli

303 2429 372 2461 suis
389 2429 451 2461 illis
468 2432 733 2470 argumentorum
760 2428 1020 2461 contentionibus
1046 2428 1213 2469 vertiginis
1230 2427 1334 2470 pluri-

303 2495 391 2519 mum
420 2488 618 2529 philosophis
648 2488 846 2527 attuleruut,
883 2487 952 2528 opis
983 2489 1091 2519 autem
1135 2486 1337 2526 subsidiique

303 2547 391 2580 nihil.
418 2549 566 2580 socrates
596 2548 753 2588 maxime,
778 2549 904 2589 ignem,
929 2548 1015 2588 quod
1041 2547 1154 2587 ajunt,
1181 2547 1336 2588 quodque

305 2605 395 2638 Plato
413 2606 481 2647 ipse
507 2606 696 2646 dictitabat,
715 2606 780 2647 igni
796 2605 932 2638 addidit.
953 2608 1034 2639 Nam
1047 2606 1154 2638 indole
1170 2615 1273 2646 quum
1289 2614 1338 2638 es-

304 2665 355 2697 set
382 2664 574 2706 ingenioque
593 2665 764 2706 singulari,
792 2665 928 2705 ideoque
950 2664 991 2697 de
1017 2673 1051 2697 re
1081 2664 1225 2705 qualibet
1251 2674 1343 2706 quae-

305 2722 442 2755 stionem
466 2732 597 2755 movere
619 2724 756 2756 solerter
786 2723 943 2764 imprimis
971 2722 1177 2764 graviterque
1227 2723 1339 2766 posset

306 2789 408 2812 novas
430 2780 498 2821 ipse
522 2781 562 2812 de
593 2781 741 2813 moribus
770 2781 875 2822 deque
905 2781 1070 2822 republica
1100 2780 1338 2822 disputationes

307 2839 447 2876 invexit,
472 2840 628 2879 praeterea
660 2839 759 2871 etiam
784 2839 825 2871 de
853 2839 936 2872 ideis
956 2839 1171 2872 commentari
1194 2839 1339 2872 omnium

307 2896 432 2938 primus
449 2897 590 2929 instituit
611 2908 618 2928 :
639 2898 777 2930 eundem
797 2907 875 2931 vero
902 2898 990 2930 nullo
1008 2907 1071 2930 non
1097 2898 1237 2931 excitato
1258 2907 1339 2930 con-

309 2955 475 2987 troversiae
498 2964 613 2996 genere
644 2965 683 2987 ac
707 2956 747 2988 de
777 2956 928 2988 omnibus
960 2959 1158 2997 quaerentem
1181 2956 1289 2989 adhuc
1307 2958 1341 2989 et

308 3011 511 3044 dubitantem
531 3021 620 3044 mors
636 3013 819 3053 occupavit.
843 3015 915 3044 Jam
937 3013 989 3045 alii
1008 3023 1090 3054 quas
1120 3015 1181 3047 sibi
1199 3015 1340 3056 quisque

311 3070 486 3111 particulas
509 3069 730 3110 absciderant,
752 3070 784 3102 in
811 3070 850 3102 iis
869 3071 993 3104 haesere
1021 3076 1207 3114 perpetuo:
1243 3076 1342 3114 atque

310 3128 356 3160 ita
369 3128 499 3169 quidam
517 3128 708 3161 medicinam
721 3153 729 3169 ‚
746 3129 799 3161 alii
811 3129 1058 3163 mathematicas
1075 3132 1271 3173 disciplinas,
1288 3132 1342 3164 alii

312 3187 423 3228 poesin
442 3187 671 3227 musicamquc
702 3187 817 3219 sectati
843 3190 929 3219 sunt.
958 3188 1108 3229 Plerique
1132 3198 1208 3221 vero
1236 3189 1341 3221 disse-

313 3245 406 3278 rendi
425 3245 458 3277 vi
474 3254 512 3277 ac
530 3245 684 3277 facultate
697 3245 784 3286 capti
807 3248 915 3286 erant,
935 3255 1078 3287 quorum.
1099 3247 1154 3279 alii
1178 3257 1213 3280 se
1229 3248 1340 3280 rheto—

313 3313 390 3346 res,
413 3304 600 3337 dialecticos
616 3304 670 3336 alii
690 3304 902 3346 appellarunt.
930 3306 1010 3337 Nam
1034 3306 1091 3346 qui
1107 3306 1232 3339 Socrati
1259 3315 1337 3339 suc—

315 3370 460 3403 cessere,
477 3371 551 3394 cum
567 3361 764 3403 multiplices
781 3362 956 3394 admodum
983 3372 1021 3395 ac
1042 3363 1121 3395 varii
1141 3364 1252 3405 suere,
1275 3367 1345 3396 tum

316 3420 414 3453 etiam
459 3420 713 3461 contrariarum,
750 3430 830 3462 quas
875 3421 1037 3454 habebant
1052 3445 1060 3461 ‚
1113 3422 1344 3455 sententiarum

1691 268 2101 329 ARISTOCLIS

1658 415 2133 464 PER1PATET1C1

1736 546 2065 587 FRAGMENTA.

1789 667 2019 685 w

1388 810 1500 862 οἱμὲν
1522 809 1649 848 εἰδέναι
1670 808 1788 848 πάντα
1819 807 2029 856 ἐκόμπαζον·
2050 807 2081 846 οἵ
2110 805 2146 845 δὲ
2175 805 2326 851 ἆπλως·
2346 819 2417 857 μη-

1387 870 1457 911 Θέν,
1515 867 1599 908 Ἔτι
1632 869 1660 906 δ’
1692 868 1723 906 οἳ
1754 866 1818 917 μὲν
1854 867 1888 904 ἐν
1917 865 2013 919 μέσω
2039 865 2098 904 καὶ
2124 866 2159 904 ἐν
2181 864 2258 919 ὄψει
2276 864 2416 904 πάντων

1391 928 1629 966 ἐκαλινδοῦντο
1649 931 1718 969 τοῖς
1740 924 1878 968 πολλοῖς
1909 923 2156 974 ἐξομιλουντες·
2192 923 2292 963 ἄλλοι
2321 924 2350 962 δ’
2372 917 2417 962 αυ

1388 985 1582 1024 τούναντίον
1607 984 1785 1038 ἀπρόσιτοι
1809 982 1868 1021 καὶ
1896 983 2154 1036 ἀπροσαύδητοι
2173 982 2343 1021 διετέλουν
2361 981 2417 1021 ὄν-

1388 1059 1458 1088 τες.
1517 1045 1668 1084 Πλάτων
1690 1041 1806 1095 μέντοι
1837 1041 2078 1090 κατανοήσας,
2103 1043 2148 1086 ὡς
2167 1040 2222 1089 εἴη
2243 1041 2307 1092 μία
2324 1056 2376 1086 τις
2395 1045 2418 1089 ἡ

1388 1104 1456 1140 τῶν
1474 1101 1572 1141 θείων
1594 1101 1651 1140 καὶ
1673 1099 1895 1154 ἀνθρωπίνων
1918 1099 2095 1150 ἐπιστήμη
2111 1129 2122 1148 ,
2143 1101 2281 1152 πρῶτος
2301 1100 2418 1149 διεῖλε,

1390 1159 1485 1199 ml*
1467 1175 1532 1214 εφη
1563 1159 1625 1207 τὴν
1653 1159 1716 1210 μέν
1739 1174 1818 1198 τινα
1848 1158 2010 1211 περὶτῆς
2038 1174 2098 1197 του
2129 1157 2263 1202 ,παντὸς
2285 1158 2419 1212 φύσεως

1390 1213 1477 1257 εἰναι
1514 1217 1769 1271 πραγματείαν·
1800 1217 1863 1264 τὴν
1896 1217 1931 1255 δὲ
1963 1217 2045 1270 περὶ
2077 1220 2145 1256 τῶν
2180 1215 2419 1270 ἄνθρωπινων·

1388 1278 1506 1331 τρίτην
1529 1278 1588 1326 δέ,
1612 1278 1673 1326 τὴν
1695 1276 1775 1330 περὶ
1794 1277 1869 1321 τοὺς
1888 1276 2022 1329 λόγους.
2086 1275 2207 1321 Ἧξίου
2227 1274 2265 1316 δῦ
2287 1274 2336 1326 μὴ
2358 1274 2418 1315 δύ·

1390 1340 1512 1375 νασθαι
1540 1335 1584 1374 τὰ
1617 1335 1813 1388 ἀνθρώπινα
1848 1336 1999 1374 κατιδεῖν
2017 1338 2126 1386 ἡμᾶς,
2161 1337 2191 1375 εἷ
2213 1335 2262 1387 μὴ
2282 1334 2327 1374 τὰ
2345 1338 2421 1374 θεῖα

1390 1394 1558 1448 πρότερον
1589 1394 1719 1448 ὀφθείη.
1753 1394 1922 1447 Καθάπερ
1937 1393 2005 1447 γὰρ
2035 1395 2067 1434 οἱ
2088 1394 2200 1447 ἰατροὶ
2233 1393 2323 1448 μέρη
2344 1393 2422 1434 τινὰ

1391 1453 1654 1507 θεραπεύοντες,
1675 1455 1921 1504 ἐπιμελοῦνται
1939 1455 2006 1492 τῶν
2021 1453 2110 1493 ὅλων
2129 1453 2303 1506 σωμάτων
2325 1455 2420 1506 πρῶ-

1390 1529 1460 1552 τον·
1481 1513 1572 1551 οὕτω
1597 1517 1726 1565 χρῆναι
1748 1514 1808 1552 καὶ
1832 1514 1890 1552 τὸν
1909 1513 2080 1564 μέλλοντα
2099 1514 2248 1553 τάνθάδε
2268 1512 2419 1567 κατόψε-

1392 1576 1470 1611 σθαι
1494 1572 1556 1620 τὴν
1572 1574 1641 1610 τῶν
1659 1573 1747 1612 δ’λων
1770 1572 1869 1625 φύσιν
1890 1572 2018 1611 εἰδέναι
2039 1573 2224 1625 πρότερον,
2254 1573 2356 1626 μέρος
2379 1588 2419 1612 τε

1390 1633 1458 1669 τῶν
1480 1630 1585 1669 ὄντων
1607 1630 1663 1669 τὸν
1685 1630 1875 1683 ἄνθρωπον·
1891 1631 1949 1669 καὶ
1963 1630 2117 1683 τάγαθὸν
2138 1630 2251 1670 διττόν
2265 1661 2277 1682 ‚
2297 1630 2338 1670 τὸ
2359 1629 2421 1682 μὲν

1394 1689 1587 1743 ἡμέτερον,
1605 1690 1644 1727 τὸ
1669 1689 1704 1728 δὲ
1729 1693 1790 1728 τοῦ
1810 1689 1956 1738 παντός,
1993 1688 2200 1743 κυριώτερον
2234 1689 2269 1728 δὲ
2301 1688 2341 1728 τὸ
2362 1692 2423 1728 τοῦ

1393 1748 1531 1791 παντός·
1549 1747 1609 1786 διὰ
1621 1748 1688 1800 γὰρ
1706 1749 1841 1786 ἐκεῖνο”
1855 1748 1914 1787 καὶ
1935 1751 2036 1787 τοῦτο
2055 1747 2224 1800 γίνεσθαι.
2270 1747 2371 1795 Φησὶ
2391 1747 2423 1785 δ’

1392 1807 1617 1861 Ἀριστόξενος
1636 1810 1652 1845 ὁ
1668 1807 1845 1858 μουσικός,
1860 1807 1977 1847 Ἰνδῶν
1995 1801 2082 1846 εἶναι
2095 1807 2153 1846 τὸν
2171 1807 2272 1860 λόγον
2288 1810 2420 1847 τοῦτον.

1396 1865 1558 1918 Ἀθήνῃσι
1577 1865 1646 1919 γὰρ
1667 1867 1818 1918 ἐντυχεῖν
1841 1866 2023 1919 Σωκράτει
2043 1869 2111 1905 τῶν
2127 1868 2261 1919 ἀνδρῶν
2281 1867 2425 1905 ἐκείνων

1394 1923 1452 1964 ἕνα
1463 1925 1553 1974 τινά,
1568 1924 1722 1979 κᾷπειτα,
1738 1929 1842 1964 αὐτοῦ
1857 1926 2100 1975 πυνθάνεσθαι,
2114 1925 2148 1969 τί,
2165 1929 2274 1966 ποιῶν
2287 1927 2426 1980 φιλοσο-

1395 1982 1487 2036 φοίη·
1506 1987 1566 2022 τοῦ
1592 1983 1626 2022 δὲ
1648 1985 1812 2032 εἰπόντος,
1834 1983 1887 2023 ὅτι
1906 1986 2017 2031 ζητῶν
2033 1985 2112 2038 περὶ
2130 1989 2190 2024 τοῦ
2209 1985 2424 2038 ἀνθρωπίνου

1397 2044 1484 2094 βίου,
1499 2043 1801 2094 καταγελάσαιτὸν
1813 2043 1934 2093 Ἰνδόν,
1947 2043 2092 2095 λέγοντα
2107 2046 2155 2094 μὴ
2170 2042 2338 2084 δύνασθαί
2343 2059 2420 2084 τινα

1396 2189 1594 2223 defensores,
1624 2193 1706 2223 Nam
1736 2191 1790 2224 alii
1819 2191 1964 2233 cynicam
2002 2191 2102 2224 vitam
2116 2217 2124 2232 ,
2166 2190 2359 2225 modestiam
2396 2193 2430 2225 et

1394 2249 1492 2281 animi
1509 2249 1778 2291 tranquillitatem
1805 2261 1812 2282 :
1840 2250 1895 2283 alii
1915 2251 2102 2292 voluptates
2118 2251 2231 2284 contra
2251 2250 2344 2284 miris
2360 2251 2430 2284 lau-

1394 2307 1489 2340 dibus
1508 2308 1740 2349 praedicabant.
1758 2309 1801 2341 Hi
1818 2318 1889 2342 sese
1907 2309 2015 2343 omnia
2037 2309 2121 2342 scire
2135 2309 2366 2351 gloriabantur,
2381 2309 2427 2342 illi

1394 2365 1487 2407 plane
1521 2366 1610 2399 nihil.
1641 2367 1780 2405 Quidam
1810 2368 1842 2400 in
1864 2367 1970 2400 media
1991 2367 2089 2400 turba
2118 2370 2152 2401 et
2181 2367 2428 2401 ante·omniun1

1395 2425 1508 2457 oculos
1539 2425 1768 2466 versabantur,
1798 2435 1872 2458 cum
1901 2426 2009 2459 intima
2040 2426 2138 2468 plebe
2159 2426 2429 2460 consuetudinem

1393 2481 1566 2524 jungentes
1587 2495 1595 2514 ι
1613 2483 1693 2516 alios
1709 2483 1799 2516 adire
1813 2493 1928 2524 nemo,
1957 2493 2054 2517 nemo
2075 2484 2198 2526 alloqui
2223 2486 2362 2527 poterat.
2388 2486 2431 2518 At

1395 2541 1489 2574 Plato
1510 2550 1612 2582 quum
1630 2551 1728 2574 unam
1745 2542 1948 2585 eandemque
1966 2542 2152 2576 divInarum
2174 2553 2247 2578 esse
2263 2542 2429 2578 humana-

1395 2608 1534 2642 rumque
1551 2609 1659 2634 rerum
1677 2601 1844 2634 scientiam
1860 2602 1961 2644 probe
1977 2602 2193 2645 intelligeret,
2211 2612 2284 2637 eam
2306 2604 2431 2646 primus

1396 2659 1443 2693 ita
1459 2659 1610 2702 digessit,
1629 2663 1665 2693 ut
1684 2663 1809 2702 partem
1825 2661 1913 2694 illius
1935 2671 2035 2695 unam
2067 2662 2268 2704 explicandae
2287 2663 2430 2696 universi

1397 2721 1539 2759 naturae,
1554 2719 1687 2752 alteram
1703 2728 1811 2753 rerum
1833 2720 2050 2753 humanarum
2069 2721 2276 2763 tractationi,
2299 2722 2431 2756 tertiam

1398 2778 1636 2811 conformandae
1668 2779 1806 2812 orationi
1834 2779 2005 2813 tribueret.
2031 2781 2197 2813 Caeterum
2226 2780 2288 2813 nisi
2321 2781 2432 2814 divina

1397 2837 1489 2878 prius
1505 2840 1674 2879 perspecta
1692 2840 1725 2871 et
1741 2839 1870 2881 cognita
1886 2839 2081 2872 haberemus
2094 2864 2102 2880 ,
2123 2838 2288 2881 pervideri
2303 2849 2323 2872 a
2340 2839 2433 2872 nobis

1402 2892 1544 2925 humana
1559 2902 1623 2925 non
1641 2902 1737 2935 posse
1757 2894 1933 2927 statuebat.
1951 2894 2232 2933 Quemadmodum
2255 2895 2343 2928 enim
2361 2904 2429 2929 me·

1399 2951 1466 2984 dici
1477 2954 1540 2994 ,ut
1555 2953 1702 2994 partibus
1722 2953 1919 2996 quibusdam
1934 2953 2139 2995 medeantur,
2162 2954 2253 2996 prius
2272 2954 2306 2987 in
2332 2954 2434 2987 totius

1402 3011 1545 3051 corporis
1572 3011 1771 3044 curationem
1801 3011 1996 3044 incumbunt
2017 3023 2025 3043 :
2060 3011 2105 3045 ita
2137 3021 2272 3054 prorsus
2294 3011 2352 3055 qui
2379 3020 2434 3044 res

1401 3072 1529 3102 nostras
1554 3070 1674 3103 intueri
1696 3070 1792 3112 velit!‚
1809 3070 1840 3103 ei
1863 3070 1953 3112 prius
1972 3070 2116 3104 universi
2142 3072 2294 3104 naturam
2312 3079 2431 3112 cogno-

1403 3129 1555 3161 scendam
1571 3138 1654 3169 esse,
1668 3138 1770 3171 quum
1789 3129 1875 3162 illius
1894 3138 1969 3171 pals
1981 3130 2131 3172 quaedam
2147 3130 2246 3163 homo
2259 3130 2313 3169 sit,
2331 3131 2431 3171 atque

1403 3198 1440 3221 ex
1455 3189 1550 3221 bonis
1567 3189 1693 3222 duobus
1704 3214 1712 3230 ‚
1723 3199 1861 3231 quorum
1874 3189 2012 3223 alterum
2028 3190 2070 3222 ad
2089 3199 2158 3231 nos,
2175 3191 2217 3223 ad
2241 3190 2434 3223 universum

1403 3247 1544 3279 alterum
1553 3248 1716 3289 pertinet,
1739 3248 1940 3290 praecipuum
1959 3248 2001 3281 sit
2018 3248 2154 3281 univers
2155 3248 2167 3281 i
2182 3249 2324 3289 bonum,
2343 3248 2434 3291 quod
2484 3241 2491 3248 “

1404 3305 1541 3338 alterum
1569 3306 1637 3347 ejus
1653 3315 1751 3340 causa
1769 3309 1971 3349 procreetur.
2038 3309 2146 3349 Atque
2174 3308 2258 3341 hane
2277 3307 2435 3341 Indorum

1404 3372 1475 3396 esse
1499 3364 1656 3398 rationem
1686 3365 1896 3398 Aristoxenus
1924 3364 2068 3398 musicus
2100 3367 2242 3399 testatur
2274 3378 2282 3398 ς
2315 3366 2435 3408 quippe

1407 3431 1510 3456 unum
1530 3433 1572 3457 ex
1590 3434 1627 3457 ea
1651 3424 1779 3458 natione
1806 3424 1949 3467 aliquem
1976 3424 2113 3459 Athenis
2137 3426 2336 3459 collocutum
2363 3433 2435 3458 esse

1337 3483 1416 3522 206

2497 305 2503 322 ,-
2498 293 2500 297 .
2490 103 2508 278 ,ΕΑ-,Αῶε-«νῖ-Ζ-
