2528 3788
128 342 138 346 ⁶
181 291 326 342 νὴςάπ·
347 292 539 339 ἀνατολῆς·
562 292 599 330 αῖ
625 290 660 330 δὲ
683 289 772 330 ἑπτὰ
792 291 832 329 ἐκ
851 289 980 333 δύσεως
1001 288 1127 342 φέρον-

108 358 114 362 *
180 350 303 393 Abla!
321 349 360 391 δὲ
377 349 515 390 τούτων
547 349 678 390 πολλαὶ
698 347 762 400 μὲν
783 347 844 386 καὶ
863 347 988 396 ἄλλαι,
1007 347 1068 386 καὶ
1089 346 1129 386 τὸ

123 409 322 466 ’,ταχείας
356 412 420 459 τῆς
451 409 615 464 περιόδου
639 409 713 448 τῶν
736 408 893 461 σφαιρῶν
925 404 1127 458 γινομένης,

155 519 157 521 ,
206 467 270 519 τὴν
291 468 425 523 γένεσιν
452 463 558 510 εἶναι.
578 466 755 522 Διαφόρου
779 464 816 506 δὲ
833 465 1003 512 κινήσεως
1022 464 1127 514 οὔσης

153 526 161 533 ”
226 544 262 571 ιν
284 527 346 570 καὶ
365 527 430 578 τὴν
449 528 550 583 φύσιν
576 529 645 567 τῶν
675 525 852 576 σωμάτων
885 524 1043 576 ἀνάγκη
1070 523 1129 563 καὶ

50 587 178 646 μήτε
191 588 302 630 καίειν
323 587 416 641 μήτε
431 587 555 642 ψύχειν
573 587 615 626 τὸ
632 584 791 638 οὔράνιον
811 586 914 636 σῶμα
936 583 1024 634 μηδὲ
1043 584 1129 623 ἄλλο

54 662 118 690 τι
135 654 270 699 ποιεῖν,
289 647 314 688 ἃ
330 650 400 688 τῶν
424 646 605 700 τεσσάρων
627 644 822 698 στοιχείων.
844 643 1004 698 Σφαίροῖς
1018 643 1054 683 δὲ.
1071 642 1128 683 οὔ-

82 721 148 755 σης
175 710 243 748 τοῦ
266 707 423 760 κόσμου,
452 707 498 757 (ὁ
527 703 596 758 γὰρ
627 702 795 757 ζῳδιακὸς
824 701 976 742 δείκνυσι
1002 703 1128 754 τοῦτο)

84 763 209 815 ἐπειδὴ
227 765 379 825 σφαίρας
395 764 514 812 πάσης
537 763 578 803 τὸ
597 763 694 802 κάτω
715 762 821 813 μέσον
840 761 933 809 ἐστί,
949 761 1131 814 πανταχό-

84 829 145 867 eu
156 824 233 880 γᾶρ
241 822 406 866 πλεῖστον
390 823 613 896 κάφέστηκε·
626 822 673 862 τά
685 838 724 862 τε
739 821 848 876 βαρέα
859 821 1001 875 φέρεται
1014 821 1126 872 κάτω,

69 883 228 939 φέρεται
245 882 284 924 &i
302 884 351 930 εἷς
367 885 445 936 γῆν.
461 884 587 923 Ταυτα
604 880 640 920 δὲ
660 881 779 920 πάντα
795 883 934 919 ποιοῦσι
953 879 1014 931 μὲν
1033 880 1103 920 θεοί
1117 910 1128 932 ,

52 941 203 997 ’ςάπει
218 942 256 983 δὲ
274 946 372 993 νοῦς,
390 957 483 983 κινει
462 941 530 982 ’ὲδ
545 940 657 995 ψυχή.
679 940 752 982 Καὶ
767 939 881 994 περὶ
874 939 937 978 μὲν
958 942 1043 980 θεῶν
1061 940 1130 989 ἤδη

15 1009 26 1059 ἢ
47 999 304 1057 {moelem-at

14 1066 25 1119 3³}
51 1074 67 1106 κζ
103 1097 106 1099 .
134 1060 213 1100 ἐἰ
236 1059 304 1114 γὰρ
336 1058 393 1112 μὴ
408 1058 608 1115 φθείρεται,
630 1056 707 1098 οὐδὲ
738 1055 917 1142 γέγονεν]ὴ
938 1058 990 1099 cf.
1013 1057 1131 1096 Philo

13 1089 170 1191 ³0¹²!an
194 1119 390 1174 ἀφθαρσίας
420 1119 555 1170 κόσμου
583 1131 674 1190 pag.
699 1118 791 1166 784.
821 1138 874 1147 --
900 1117 993 1157 ι’ἀεί
1010 1134 1049 1157 τε
1072 1117 1132 1157 τὸν

14 1206 24 1255 γ
14 1170 214 1443 {kh
186 1178 318 1232 ἀγαθὸν
349 1172 439 1219 εἶναι
476 1177 538 1218 καὶ
565 1177 626 1217 τὸν
657 1176 788 1229 κόσμον
815 1177 1017 1230 ὑπάρχειν]
1045 1178 1133 1216 Vid.

79 1235 211 1277 Proel.
227 1240 272 1278 in
286 1237 393 1280 Tim.
414 1237 487 1278 lib.
518 1237 558 1276 11
582 1249 669 1290 pag.
693 1251 776 1275 111.
798 1243 881 1266 —o
901 1236 1022 1289 ὥσπερ
1043 1237 1133 1290 ἡλίῳ

85 1309 151 1344 μεν
178 1295 241 1336 καὶ
261 1297 347 1351 πυρὶ
368 1296 624 1351 συνυφίσταται
645 1298 741 1350 φῶς]
770 1296 932 1335 Pioclus
958 1297 1002 1336 in
1028 1296 1133 1338 Tim.

84 1353 100 1392 l
143 1368 177 1395 c-
194 1357 242 1401 ὣς
256 1359 276 1396 ὃ
289 1355 412 1409 ἥλιος,
429 1357 464 1396 ἐν
485 1355 592 1409 ὅσῳ’
577 1355 673 1403 εστί,
692 1356 809 1395 πάντα
827 1355 1058 1407 καταλάμπει
1073 1356 1134 1395 καὶ

70 1410 127 1453 τὸ
143 1416 213 1466 πῦρ
229 1414 428 1468 θερμαίνει,
448 1414 541 1454 οὕτω
557 1413 618 1454 καὶ
633 1413 674 1453 τὸ
693 1413 747 1453 ἀεὶ
765 1412 800 1452 ὂν
819 1413 948 1465 ἀγαθὸν
970 1414 1026 1453 ἀει
1050 1414 1134 1467 βού-

11 1477 21 1489 ”
50 1472 66 1490 ³¹
79 1470 189 1513 >tt-:ni
203 1471 250 1512 τὰ
267 1473 395 1527 ἀγαθά.
410 1470 577 1518 Ἀιδιος”
554 1488 624 1526 αρα
649 1475 668 1511 ὁ
684 1472 831 1522 κόσμος·
849 1473 902 1512 ἀεὶ
921 1472 988 1526 γὰρ
1008 1473 1136 1526 ἀγαθὸς

68 1523 117 1585 Q
129 1530 343 1586 δημιουργός
372 1533 481 1573 ἐστιν.
508 1529 676 1575 Ἀιδιος“’
653 1547 723 1584 αρα
751 1535 770 1571 ὁ
799 1531 952 1582 κόσμος,
973 1531 1039 1570 οὔκ
1065 1530 1134 1580 ὤν,

19 1622 34 1642 Ι.
76 1588 179 1633 m&
196 1589 399 1644 γιγνόμενος
431 1589 551 1636 ἀϊδίως
571 1589 714 1640 κόσμος.
745 1590 885 1629 Sextus
914 1590 1137 1642 Empiricus

8 1646 21 1686 ’ἶ
74 1645 183 1693 salv.
193 1649 313 1690 Math.
332 1650 406 1689 lib.
426 1649 481 1689 XI
507 1663 548 1702 p.
570 1663 648 1698 270
660 1648 754 1702 παρὸ
779 1649 839 1688 καὶ
858 1651 876 1687 ὁ
894 1648 1047 1689 Πλάτων
1064 1650 1138 1700 (de

35 1704 192 1761 ;-.Ι1Ξ[)
210 1706 273 1761 Π)
289 1707 455 1754 συνιστὰς
471 1707 526 1747 ὅτι
539 1707 641 1761 φύσει
660 1707 786 1760 ἀγαθόν
806 1709 900 1748 ἐστιν
914 1711 931 1746 ὃ
949 1708 1023 1752 θεός
1035 1737 1046 1756 ,
1067 1709 1136 1747 ἀπὸ

16 1773 21 1786 ’“
68 1766 157 1807 τῶν
188 1766 321 1819 ὁμοίων
350 1767 640 1822 ἐπικεχείρηκεν·
668 1768 716 1812 ὥς
741 1767 810 1820 γὰρ
834 1770 984 1821 θερμοῦ,
1009 1783 1134 1818 φησιν,

39 1810 174 1866 ἴδιόν
193 1825 268 1867 ἔστι
286 1825 327 1867 τὸ
341 1826 560 1881 θερμαίνειν,
579 1826 642 1865 καὶ
662 1827 800 1880 ψυχρου
821 1826 907 1864 ἴδιον
929 1826 968 1865 τὸ
986 1826 1133 1880 ψύχειν,

43 1876 179 1930 «ἤτω
202 1900 267 1926 και
284 1887 415 1940 ἀγαθου
440 1885 528 1926 ἴδιόν
558 1887 632 1925 ἔστι
658 1885 698 1924 τὸ
716 1887 956 1939 ἀγαθοποιεῖν.
977 1907 1031 1916 -·
1055 1885 1073 1909 ‘¹
1094 1887 1138 1926 τὰ

42 1941 154 1996 μὲν
169 1946 249 1984 νοῦν
268 1947 432 1997 μιμεῖται
451 1943 513 1984 καὶ
531 1943 650 1998 κύκλῳ
666 1945 838 1997 κινεῖται]
857 1946 1036 1985 Plotinus
1062 1946 1136 1984 En-

0 1993 47 2062 ίλ
89 1999 200 2059 (lead.
222 2003 263 2043 ΙΙ
275 2003 347 2046 lib.
367 2005 400 2044 ΙῙ
418 2019 461 2057 p.
485 2018 557 2052 107
580 2004 637 2042 διὰ
654 2003 691 2042 τί
713 2004 834 2059 κύκλῳ
853 2006 999 2043 κινεῖται
1017 2006 1028 2057 (
1044 2007 1062 2043 ὃ
1080 2005 1139 2043 κό-

0 2070 1 2074 ’
89 2062 221 2116 σμος),
237 2062 291 2102 ὅτι
304 2067 381 2104 νοῦν
400 2067 573 2115 μιμεῖται.
589 2062 600 2114 )

16 1309 23 1372 ί

532 2177 623 2228 Κεφ.
654 2174 704 2222 η’.

271 2285 349 2328 Περὶ
364 2287 421 2319 νοῦ
439 2285 494 2318 καὶ
509 2285 633 2327 ψυχῆς,
650 2286 704 2318 καὶ
721 2285 769 2318 ὅτι
786 2285 936 2322 ἀθάνατος
948 2311 955 2321 .

128 2367 252 2410 ·“Εστι
267 2366 310 2408 δέ’
322 2384 375 2414 τις
392 2367 551 2420 δύναμις,
566 2369 686 2413 οὐσίας
706 2369 769 2422 μὲν
790 2368 953 2421 δευτέρα,
968 2370 1083 2422 ψυχῆς
1103 2370 1140 2407 δὲ

529 2489 609 2532 oap.
633 2490 709 2522 vn.

344 2579 387 2606 De
406 2575 515 2606 mundi
536 2576 646 2606 natura
658 2577 690 2606 et
709 2575 891 2605 aeternitate.

8 2654 75 2699 {ff¹
133 2646 296 2683 nundum
318 2656 398 2681 vero
421 2647 532 2690 ipsum
549 2655 656 2689 neque
681 2646 853 2680 mortalem
869 2655 977 2688 neque
997 2646 1143 2687 genitum

83 2703 168 2745 Ι’συθ
179 2717 314 2743 neeesse
326 2703 388 2744 est.
432 2709 474 2741 Et
496 2708 732 2750 sempiternum
747 2707 881 2750 quidem
893 2733 901 2749 ,
917 2707 996 2749 quia
1016 2706 1142 2739 hocin-

26 2762 243 2804 ··‘tumte
269 2772 334 2801 non
355 2767 432 2802 licet
448 2769 507 2801 aut
523 2767 719 2801 deteriorem
733 2769 793 2800 aut
811 2767 980 2800 meliorem
994 2767 1052 2799 aut
1067 2775 1144 2799 eun-

0 2860 5 2867 ,
58 2824 77 2871 ss
92 2828 172 2864 ᾱσιιι
185 2829 244 2863 sut
253 2827 453 2870 indigestam
465 2827 586 2861 molem
603 2827 746 2861 efficere.
792 2826 825 2860 Si
841 2827 1040 2860 deteriorem
1052 2852 1060 2867 ‚
1074 2835 1144 2868 pra-

7 2884 63 2937 j
56 2887 58 2891 ’
61 2880 161 2925 bn·
181 2889 335 2931 profecto
361 2887 464 2921 fuerit
491 2887 551 2930 qui
579 2897 621 2921 ex
646 2887 781 2920 meliore
803 2886 951 2919 deterius
973 2885 1092 2926 saciat3
1117 2885 1145 2918 si

0 2943 62 2993 2'41.
83 2946 282 2990 fflimm,
314 2947 433 2990 utique
457 2946 642 2980 imMcillus
661 2946 746 2987 fuit,
778 2945 837 2987 qui
865 2945 960 2978 initio
992 2944 1029 2977 id
1056 2943 1145 2986 quod

59 3008 64 3014 “’
79 3004 215 3044 mins
231 3008 304 3048 est,
323 3014 390 3038 non
404 3004 616 3048 procreavit:
637 3003 836 3045 sieundem,
855 3011 989 3045 operam
1001 3002 1143 3044 perdet:

7 3088 11 3110 ς
38 3058 63 3077 ³
93 3064 139 3101 εἰ
143 3064 340 3107 indigestam
363 3064 501 3105 molem,
527 3065 561 3098 at
578 3064 642 3097 boc
661 3073 700 3097 ne
719 3063 834 3096 audire
860 3062 993 3104 quidem
1014 3061 1063 3093 fas
1082 3062 1143 3093 cst.

23 3123 62 3157 ί
95 3121 283 3165 moqui
307 3123 470 3156 mundum
489 3131 553 3155 non
571 3131 642 3156 esse
672 3122 837 3165 genitum,
861 3120 934 3153 haec
955 3119 1035 3152 satis
1059 3118 1147 3151 clara

0 3183 2 3188 '
28 3197 29 3201 ¹
51 3202 67 3226 μ
98 3181 299 3225 Μοίριος
317 3182 347 3216 si
374 3182 462 3216 enim
484 3191 551 3214 non
568 3183 708 3223 occidit,
736 3191 778 3216 ne
803 3183 897 3214 ortus
918 3179 1052 3222 quidem
1074 3180 1146 3220 est,

63 3235 68 3238 ’
95 3240 252 3286 mm
277 3242 389 3276 omnia
415 3244 489 3275 orta
516 3239 690 3283 occidunt,
726 3243 760 3275 et
797 3240 878 3282 quia
906 3248 1040 3272 necesse
1074 3238 1146 3279 est,

37 3310 63 3334 ι.-
91 3307 205 3344 ‘qum
221 3301 275 3335 dei
295 3300 444 3334 bonitate
465 3300 509 3334 sit
527 3300 688 3342 mundus,
708 3309 837 3343 semper
860 3301 894 3332 et
910 3298 1010 3331 deum
1025 3297 1147 3330 honum

58 3386 65 3394 ,η
99 3366 175 3395 no
187 3361 223 3394 et
239 3359 398 3394 mundum
416 3361 548 3393 exstare
569 3373 577 3392 :
595 3359 873 3402 quemadmodum
895 3367 962 3391 una
988 3366 1065 3390 cum
1081 3356 1149 3389 sole

53 3451 58 3456 .
100 3420 138 3454 et
152 3419 227 3462 ime
243 3419 355 3453 lumen
372 3418 524 3452 subsistit
546 3421 581 3452 et
598 3424 675 3452 cum
694 3427 833 3461 corpore
848 3418 974 3451 umbra.
1022 3416 1148 3458 corpo-

102 3485 176 3512 mm
190 3486 308 3520 porro,
328 3485 404 3519 quae
430 3476 465 3510 in
482 3476 606 3510 mundo
621 3479 716 3519 sunt,
733 3477 794 3510 alia
813 3478 957 3510 mentem
981 3473 1151 3508 imitantur

799 202 868 241 DE
897 201 998 241 DIIS
1029 201 1096 240 ΕΤ
1127 201 1311 242 MUNDO
1342 202 1510 245 LIBER
2184 204 2234 243 37

1189 289 1345 342 πρώτη“
1356 319 1366 337 ,
1386 289 1517 342 ἔχουσα
1533 288 1595 341 μὲν
1617 291 1656 328 ἐκ
1669 291 1730 337 τῆς
1743 289 1858 336 οὐσίας
1871 289 1911 330 τὸ
1924 282 2035 341 εἶναι,
2053 291 2236 330 τελειοῧσα

1191 347 1226 389 δὲ
1249 348 1311 396 τὴν
1330 347 1480 403 ψυχήνῑ)
1491 377 1502 398 ,
1527 348 1646 402 ὥσπερ
1662 349 1758 398 ἥλιος
1774 350 1835 395 τὰς
1854 350 1950 405 ὄψεις
1967 356 1996 390 ⁰.
2017 351 2098 390 Τῶν
2118 349 2153 389 δὲ
2170 352 2238 404 ψυ-

1189 410 1264 461 χῶν
1282 410 1317 446 αῖ
1340 407 1403 459 μέν
1426 409 1493 446 εἰσι
1508 407 1646 459 λογικαὶ
1667 407 1684 431 ‘¹
1704 407 1766 447 καὶ
1787 408 1976 457 ἀθάνατοι,
1998 409 2035 447 αἱ
2061 407 2096 448 δὲ
2117 407 2238 460 ἄλογοι

1190 467 1250 506 καὶ
1267 468 1404 516 θνηταί.
1424 467 1498 506 Καὶ
1520 467 1556 504 αἱ
1578 466 1675 519 μὲν’
1659 483 1699 506 εκ
1719 470 1787 506 τῶν
1806 468 1977 520 πρώτων,
1998 469 2034 507 αἱ
2058 467 2094 506 δὲ
2111 459 2152 506 ἐκ
2169 469 2238 507 τῶν

1191 526 1361 579 δευτέρων
1381 525 1603 599 παράγονται
1628 528 1746 565 θεῶνθ
1750 528 1934 579 .Πρι)τον
1955 526 1991 565 δὲ
2010 526 2147 580 ὅ,τιπε’ρ
2165 528 2241 567 ἐστι

1192 586 1289 639 ψυχὴ
1321 585 1502 635 ζητητέον.
1533 579 1602 627 *sse
1619 585 1730 624 τοίνυν
1762 586 1916 640 διαφέρει
1935 586 1979 625 τὰ
2001 585 2146 639 ἔμψυχα
2170 588 2239 626 τῶν

1193 644 1361 699 ἀψύχων,
1380 644 1482 685 τουτό
1504 646 1579 684 ἐστι
1597 644 1708 698 ψυχή
1737 645 1902 698 Διαφέρει
1931 643 1968 683 δὲ
2000 645 2153 693 κινήσει,
2184 646 2238 684 αἷ-

1194 704 1335 756 σθήσει,
1355 705 1552 759 φαντασία,
1578 703 1709 751 νοήσει.
1728 703 1860 743 Ἔστιν
1887 703 1955 756 ἄρα
1975 703 2090 757 ψυχή,
2119 704 2242 756 ἄλογος

1195 763 1274 816 μέν,
1300 765 1371 812 ζωὴ
1387 763 1572 811 αἰσθητικὴ
1591 765 1651 802 καὶ
1667 764 1903 817 φανταστική·
1920 763 2044 814 λογικὴ
2062 762 2098 801 δὲ
2119 763 2242 809 αἰσθή-

1194 842 1282 870 σεως
1296 824 1357 863 καὶ
1376 823 1566 877 φαντασίας
1583 823 1758 876 ἄρχουσα,
1778 823 1837 862 καὶ
1854 822 1947 876 λόγῳ
1968 822 2147 876 χρωμένη.
2170 822 2243 863 Καὶ

1194 889 1216 934 ἡ
1239 884 1302 938 μὲν
1321 884 1445 935 ἄλογος
1467 890 1539 927 τοῖς
1558 885 1775 934 σωματικοῖς
1794 883 1919 923 ἕπεται
1937 882 2082 923 πάθεσιν
2094 898 2102 906 ·
2121 883 2241 921 ἐπιθυ-

1196 951 1254 997 μεῖ
1274 943 1343 997 γὰρ
1378 942 1512 1018 ἀλόγως
1533 942 1593 981 καὶ
1626 941 1818 994 ὀργίζεται·
1848 944 1870 988 ἡ
1901 940 1935 980 δὲ
1969 941 2092 993 λογικὴ
2119 945 2178 981 τοῦ
2206 956 2244 979 τε

1195 1004 1358 1057 σώματος
1377 1001 1467 1054 μετὰ
1484 1001 1589 1054 λόγου
1610 1001 1846 1055 καταφρονεῖ,
1863 1017 1923 1040 και
1939 1000 2023 1054 πρὸς
2039 999 2100 1048 τὴν
2119 1002 2244 1053 ἄλογον

1198 1062 1407 1118 μαχομένη,
1436 1060 1679 1115 κρατήσασαῐ
1707 1060 1770 1111 μὲν
1806 1060 1956 1122 ἀρετήν,
1992 1063 2181 1108 ἡττηθεῒσα
2207 1060 2243 1100 δὲ

1196 1124 1322 1165 κακίαν
1339 1122 1446 1162 ποιεῖ.
1469 1120 1656 1161 Ἀθάνατον
1673 1120 1709 1159 δὲ
1726 1120 1835 1168 αὐτὴν
1851 1113 1938 1158 εἶναι
1955 1120 2092 1172 ἀνάγκη
2104 1150 2114 1169 ,
2138 1119 2190 1158 ὅτι
2208 1135 2246 1161 τε

1195 1183 1361 1238 γινώσκει
1384 1179 1480 1224 θεούς
1508 1185 1548 1210 8·
1577 1179 1727 1231 (Ονητὸν
1760 1178 1797 1218 δὲ
1817 1178 1893 1219 οὐδὲ
1897 1195 1913 1215 ν
1937 1178 2106 1218 ἀθάνατον
2128 1172 2217 1218 οἶδε·
2234 1185 2245 1230 )

1195 1246 1264 1283 τῶν
1289 1256 1330 1279 τε
1358 1239 1582 1292 ἀνθρωπίνων
1602 1238 1822 1291 πραγμάτων
1845 1240 1890 1282 ὡς
1912 1237 2102 1291 ἀλλοτρίων
2134 1253 2248 1278 κατα-

1197 1305 1337 1356 φρονεῖ,
1352 1315 1413 1338 και
1428 1300 1500 1342 τοῖς
1519 1296 1681 1350 σώμασιν
1701 1299 1747 1341 ὡς
1767 1297 1955 1348 ἀσώματος
1971 1297 2237 1335 ἀντιπέπονθεῦ

1199 1360 1318 1398 καλῶν
1340 1357 1403 1409 μὲν
1418 1357 1487 1410 γὰρ
1506 1356 1568 1395 καὶ
1587 1356 1672 1395 νέων
1693 1356 1802 1395 ὄντων
1821 1355 2016 1409 ἁμαρτάνει
2027 1385 2039 1406 ,
2062 1354 2248 1408 γηρώντων

1199 1419 1270 1458 δὲ’
1256 1417 1394 1456 εκείνων
1413 1415 1578 1467 ἀκμάζει.
1599 1416 1671 1456 Καὶ
1687 1422 1785 1454 πᾶσα
1809 1415 1871 1466 μὲν
1888 1414 2062 1454 σπουδαία
2080 1415 2176 1468 ψυχὴ
2196 1415 2252 1453 κέ-

1199 1492 1331 1532 χρηται
1353 1478 1418 1529 νῷ·
1435 1478 1515 1515 νοῦν
1536 1474 1573 1514 δὲ
1589 1475 1687 1515 οὒδὲν
1707 1477 1812 1526 σῶμα
1828 1481 1933 1528 γεννᾷ
1945 1490 1953 1499 ·
1969 1477 2040 1518 πῶς
2055 1473 2162 1527 γὰρ
2145 1489 2186 1512 αν
2206 1474 2251 1514 τὰ

1200 1536 1332 1584 ἀνόητα
1349 1538 1428 1574 νοῦν
1449 1534 1614 1586 γεννήσαι
1633 1533 1668 1586 ί,
1685 1534 1853 1587 Ὀργάνῳ
1868 1550 1907 1572 τε
1927 1533 2095 1587 χρωμένη
2112 1535 2163 1586 τῷ
2183 1532 2251 1571 σώ-

1202 1611 1287 1648 ματι
1297 1625 1306 1643 ,
1325 1596 1388 1634 οἰκ
1402 1594 1495 1634 ἔστιν
1511 1596 1545 1632 ἐν
1563 1593 1676 1647 τούτῳ
1690 1594 1709 1619 ¹‘
1721 1609 1729 1618 ·
1744 1593 1865 1647 ὥσπερ
1884 1594 1962 1633 οὐδὲ
1977 1596 1994 1632 ὁ
2015 1591 2252 1645 μηχανοποιὸς

1200 1656 1236 1693 ἐν
1256 1655 1326 1698 τοῖς
1348 1653 1688 1707 μηχανοποιήμασι·
1712 1652 1827 1691 καίτοι
1854 1652 1968 1690 πολλὰ
1988 1654 2056 1689 τῶν
2087 1666 2253 1704 μηχανη-

1204 1715 1325 1767 μάτων
1347 1713 1482 1757 οὖδενὸς
1498 1711 1696 1763 ἁπτομένου
1717 1717 1875 1750 κινεῖται.
1895 1712 1938 1751 Εἰ
1961 1710 1995 1749 δὲ
2017 1710 2083 1750 ὑπὸ
2106 1713 2166 1752 τοῦ
2183 1710 2252 1750 ‹50¹›-

1207 1788 1315 1825 ματος
1343 1770 1611 1824 παρατρέπει-αι
1634 1770 1808 1814 πολλάκις
1827 1769 1864 1818 ¹,
1898 1769 2088 1821 θαυμάζειν
2115 1771 2152 1808 οὐ
2185 1770 2252 1809 δεῖ·

1204 1832 1265 1871 καὶ
1281 1832 1348 1884 γὰρ
1370 1831 1430 1871 καὶ
1451 1832 1487 1870 αἱ
1516 1830 1640 1882 τέχναι
1666 1832 1736 1868 τῶν
1752 1829 1908 1883 ὀργάνων
1933 1829 2135 1882 βλαὸέντων
2157 1830 2253 1882 ἐνερ-

1200 1897 1274 1945 γεῖν
1293 1892 1355 1930 οὒκ
1376 1890 1416 1928 ἂν
1434 1889 1608 1929 δύναιντο.

1253 1954 1269 1973 ³
1289 1948 1399 1990 Ἔστι
1416 1948 1457 1990 ,δέ
1476 1964 1528 1993 τις
1550 1947 1694 1998 δύναμις
1708 1978 1719 1997 ,
1736 1947 1854 1991 οὐσίας
1875 1947 1939 1998 μὲν
1956 1946 2098 1998 δευτέρα
2110 1979 2119 1994 ,
2137 1949 2253 2000 ψυχῆς

1202 2011 1240 2051 δὲ
1261 2009 1413 2064 πρώτη]
1432 2010 1598 2048 Proclus
1628 2007 1751 2051 Elem.
1783 2008 1902 2047 theol.
1925 2021 2010 2061 cap.
2030 2007 2098 2047 XX
2117 2021 2155 2059 p.
2178 2013 2252 2052 424

1201 2074 1341 2112 πάντων
1363 2070 1537 2120 σωμάτων
1566 2067 1726 2107 ἔπέκεινά
1746 2069 1839 2105 ἐστιν
1869 2070 1890 2114 ἡ
1920 2069 2035 2120 ψυχῆς
2057 2066 2177 2112 οὐσία,
2195 2065 2257 2103 καὶ

1202 2135 1325 2172 πασῶν
1343 2131 1465 2184 ψυχῶν
1487 2128 1647 2166 ἐπέκεινα
1666 2130 1688 2174 ἧ
1709 2126 1811 2180 νοερὰ
1827 2126 1946 2181 φύσις,
1966 2126 2026 2165 καὶ
2043 2128 2166 2166 πασῶν
2186 2129 2255 2165 τῶν

1139 2213 1147 2219 ·
1203 2194 1329 2243 νοερῶν
1360 2188 1588 2228 ὓποστάσεων
1623 2186 1785 2226 ἐπέκεινα
1814 2186 1855 2225 τὸ
1885 2186 1937 2226 ἕν.
1974 2185 2079 2224 Idem
2113 2186 2254 2225 Theol.

1205 2252 1304 2291 Plat.
1328 2249 1396 2288 lib.
1413 2247 1473 2287 Ill
1488 2261 1572 2299 cap.
1588 2261 1613 2297 9
1635 2261 1675 2299 p.
1697 2245 1770 2283 135
1792 2245 1853 2284 καὶ
1877 2247 1898 2291 ἦ
1922 2243 1985 2295 μὲν
2002 2243 2102 2282 οὖσία
2129 2244 2169 2282 τὸ
2191 2246 2256 2295 μό-

1207 2324 1306 2359 νιμον
1321 2311 1380 2347 τοῦ
1401 2309 1497 2350 ὄντος
1511 2337 1521 2355 ,
1546 2305 1608 2344 καὶ
1623 2305 1662 2343 τὸ
1680 2306 1755 2348 ταῖς
1776 2302 1988 2357 πρωτίσταις
2009 2303 2135 2355 ἀρχαῖς
2150 2318 2254 2341 συνυ-

1207 2367 1412 2421 φαινόμενον
1425 2396 1435 2414 ,
1455 2364 1515 2404 καὶ
1532 2363 1780 2417 ἀνεκφοίτητον
1794 2366 1854 2401 τοῦ
1871 2361 1958 2406 ἑνός.
1971 2382 2024 2392 -
2037 2361 2054 2386 ¹³
2073 2363 2255 2401 τελειοῦσα

1205 2483 1303 2522 atque
1328 2480 1362 2512 in
1382 2479 1495 2511 orbem
1517 2478 1727 2518 torquentur,
1754 2474 1817 2508 alia
1836 2474 1980 2507 animum
1994 2499 2002 2514 ‚
2020 2476 2054 2506 et
2072 2475 2163 2507 recta
2182 2476 2256 2507 ten·

1206 2542 1309 2582 dunt,
1339 2541 1422 2583 ignis
1445 2539 1579 2582 quidem
1608 2540 1644 2572 et
1667 2547 1722 2571 aer
1742 2546 1875 2570 sursum
1904 2536 2118 2569 ascendentes
2133 2562 2140 2576 ‚
2169 2538 2258 2570 terra

1204 2614 1284 2638 vero
1300 2606 1334 2637 et
1349 2613 1436 2645 aqua
1453 2603 1611 2636 deorsum
1628 2602 1851 2634 commeantes
1864 2625 1872 2640 ‚
1886 2599 2027 2640 denique
2042 2599 2126 2632 inter
2144 2599 2256 2632 orbem

1207 2666 1418 2700 conficientes
1449 2665 1580 2706 sphaera
1609 2661 1746 2705 quidem
1773 2661 1924 2695 inerrans
1946 2661 1988 2693 ab
2007 2663 2103 2700 ortu,
2132 2664 2257 2703 septem

1206 2731 1316 2763 autem
1328 2728 1462 2769 reliquae
1475 2726 1517 2759 ab
1530 2734 1650 2759 occasu
1662 2722 1824 2757 feruntur.
1869 2725 1995 2756 Verum
2010 2722 2127 2755 harum
2147 2732 2256 2756 remm

1207 2802 1316 2827 causae
1335 2801 1410 2826 cum
1436 2790 1507 2824 aliae
1535 2789 1650 2823 multae
1670 2790 1767 2828 sunt,
1790 2789 1863 2820 tum
1886 2786 1943 2819 illa
1961 2785 2189 2828 potissimum,
2216 2795 2257 2818 ne

1207 2858 1235 2891 si
1266 2857 1352 2890 celer
1372 2855 1416 2888 sit
1447 2854 1653 2897 sphaerarum
1680 2853 1822 2887 ambitus
1838 2877 1846 2892 ,
1875 2850 2063 2892 imperfecta
2093 2846 2255 2891 generatio

1206 2925 1349 2959 maneat.
1393 2923 1457 2956 Sed
1475 2931 1578 2965 quum
1595 2922 1706 2954 motus
1726 2919 1876 2954 diversus
1895 2918 1959 2959 sit,
1988 2917 2152 2949 diversam
2174 2924 2255 2959 quo-

1207 2998 1272 3032 que
1284 2995 1457 3030 corporum
1469 2988 1619 3019 naturam
1637 2992 1710 3018 esse
1725 2982 1855 3026 oportet
1866 3007 1874 3022 ‚
1890 2990 1928 3015 ac
1943 2988 2049 3022 neque
2066 2979 2259 3013 comburere

1208 3059 1314 3093 neque
1327 3048 1521 3091 refrigerare
1537 3035 1808 3090 eorpuscoeleste
1820 3071 1828 3086 ,
1848 3052 1956 3086 neque
1973 3043 2063 3077 aliud
2079 3042 2159 3084 quid
2177 3050 2258 3084 prae-

1209 3119 1298 3150 terea
1328 3115 1434 3148 facere
1459 3122 1573 3146 eorum
1595 3119 1670 3152 quae
1701 3111 1845 3152 quatuor
1863 3109 2100 3142 elementorum
2127 3107 2258 3148 propria

1210 3176 1382 3211 habetur.
1427 3174 1538 3213 Quum
1554 3175 1665 3206 autem
1685 3170 1829 3204 mundus
1851 3169 2004 3211 globosus
2019 3167 2080 3207 sit,
2099 3167 2193 3211 cujus
2212 3166 2259 3198 rei

1210 3235 1439 3277 argumentum
1468 3231 1604 3274 signifer
1622 3230 1712 3264 orbis
1733 3226 1802 3269 est}
1831 3230 1864 3261 et
1893 3227 2038 3268 cujusvis
2061 3225 2148 3270 globi
2183 3233 2258 3266 pars

1208 3293 1344 3329 interior
1369 3292 1515 3326 medium
1541 3292 1585 3324 sit
1615 3290 1681 3332 (ab
1696 3288 1847 3322 omnibus
1863 3286 1950 3319 enim
1968 3285 2116 3328 partibus
2136 3283 2258 3324 longis-

1208 3354 1292 3388 sime
1316 3353 1455 3395 abest,)
1488 3351 1599 3394 gravia
1629 3349 1783 3383 deorsum
1817 3348 1850 3379 et
1876 3346 1910 3378 in
1941 3347 2061 3378 terram
2097 3342 2256 3375 feruntur.

1213 3415 1293 3447 Haec
1323 3422 1403 3447 vero
1422 3413 1539 3446 cuncta
1560 3411 1607 3444 dii
1638 3409 1804 3446 efficiunt,
1836 3415 1928 3439 mens
1950 3404 2097 3442 ordinat,
2131 3401 2259 3435 animus

1212 3472 1334 3505 movet.
1379 3470 1444 3504 Sed
1462 3470 1534 3503 haec
1556 3467 1689 3510 quidem
1709 3467 1750 3500 de
1769 3466 1831 3500 diis
1848 3465 1915 3506 jam
1934 3462 2093 3505 praedicta
2107 3463 2195 3494 sunt.
